2650 3909
776 23 797 40 ς
850 0 895 44 2³²-
948 0 981 36 ,Ἰ
1038 0 1072 17 Ἴ·

616 59 621 66 .
712 55 741 82 «-
868 41 949 92 αῚ
1052 56 1067 68 .

329 212 370 273 2
648 235 681 267 ν
721 216 833 283 (13)
864 211 1169 276 Ὀδυσσέως
1204 213 1491 276 ἀπόπλους
1526 215 1683 285 παρὰ
1723 216 2003 271 Φαιάκων.

330 382 505 457 μῆρα
552 370 626 438 δὲ
670 376 943 457 κήαντες
989 373 1281 441 δαίνυντ’
1331 374 1637 460 ἐρικυδέα
1683 378 1874 441 δαῖτα

331 481 746 562 τερπόμενοι·
794 482 953 564 μετὰ
1001 479 1082 545 δέ
1122 498 1284 564 σφιν
1333 479 1641 563 ἐμέλπετο
1688 488 1875 558 θεῖος
1920 482 2174 565 ἀοιδός,

330 586 749 668 Δημόδοκος,
796 590 1016 650 λαοῖσι
1062 585 1411 669 τετιμένος.
1503 586 1708 670 αὐτὰρ
1749 584 2103 662 Ὀδυσσεὺς

329 689 541 753 πολλὰ
585 692 749 774 πρὸς
793 687 1019 773 ἠέλιον
1064 691 1363 772 κεφαλὴν
1407 689 1599 774 τρέπε
1644 693 2170 774 παμφανόωντα,

249 816 303 854 30
331 795 528 858 δῦναι
574 793 1018 877 ἐπειγόμενος·
1067 794 1149 875 δὴ
1199 794 1323 877 γὰρ
1372 793 1673 876 μενέαινε
1718 793 2006 858 νέεσθαι.

332 899 420 974 ὡς
466 896 527 963 δ’
571 896 665 962 ὅτ’
708 897 876 982 ἀνὴρ
926 899 1202 979 δόρποιο
1251 901 1598 981 λιλαίεται,
1644 892 1696 985 ᾦ
1743 922 1812 963 τε
1857 908 2164 982 πανῆμαρ

329 1004 513 1084 νειὸν
557 1000 664 1066 ἀν’
707 1001 980 1095 ελκητον
1026 1006 1142 1086 βόε
1191 1008 1417 1067 οἴνοπε
1462 1006 1709 1085 πηκτὸν
1756 1005 2066 1088 άροτρον·
2119 1005 2266 1066 daem

330 1099 664 1183 ἀσπασίως
710 1104 767 1170 δ’
815 1108 943 1191 άρα
990 1116 1080 1194 τῷ
1126 1105 1367 1172 κατέδυ
1414 1108 1584 1190 φάος
1627 1109 1873 1191 ἠελίοιο

332 1212 584 1295 δόρπον
633 1210 1053 1296 ἐποίχεσθαι,
1097 1212 1411 1296 βλάβεται
1456 1210 1537 1276 δέ
1575 1236 1644 1277 τε
1690 1210 1956 1295 γούνατ’
2002 1215 2198 1279 ἰόντι·

249 1337 302 1377 35
331 1316 420 1392 ὣς
457 1314 696 1401 Ὀδυσῆ
743 1316 1082 1382 ἀσπαστὸν
1131 1320 1248 1382 ἔδυ
1295 1319 1467 1401 φάος
1510 1319 1777 1401 ἠελίοιο.

331 1417 494 1499 αἶψα
539 1419 613 1486 δὲ
662 1424 1023 1505 Φαιήκεσσι
1071 1421 1535 1508 φιληρέτμοισι
1581 1425 1899 1507 μετηύδα,

323 1524 641 1615 Ἀλκινόῳ
689 1525 762 1592 δὲ
807 1528 1089 1611 μάλιστα
1135 1532 1675 1613 πιφαυσκόμενος
1720 1530 1891 1612 φάτο
1939 1536 2188 1612 μῦθον·

422 1628 751 1714 ,,Ἀλκίνοε
796 1644 1056 1716 κρεῖον,
1100 1634 1371 1698 πάντων
1418 1633 1772 1717 ἀριδείκετε
1820 1638 2028 1716 λαῶν,

331 1735 614 1819 πέμπετέ
654 1760 733 1819 με
781 1741 1162 1812 σπείσαντες
1208 1736 1544 1820 ἀπήμονα,
1588 1740 1842 1821 χαίρετε
1890 1734 1950 1800 δ’
1997 1738 2209 1803 αὐτοί·

249 1863 305 1903 40
331 1842 458 1923 ἥδη
506 1841 630 1924 γὰρ
676 1839 1042 1905 τετέλεσται
1089 1842 1132 1905 ἅ
1178 1864 1291 1924 μοι
1339 1844 1533 1923 φίλος
1577 1842 1779 1923 ἤθελε
1826 1845 2071 1925 θυμός,

331 1947 556 2028 πομπὴ
603 1943 713 2010 καὶ
758 1948 921 2027 φίλα
970 1947 1186 2029 δῶρα,
1232 1945 1311 2009 τά
1357 1969 1469 2028 μοι
1514 1943 1665 2009 θεοὶ
1714 1945 2135 2030 Οὐρανίωνες

334 2052 526 2133 ὄλβια
570 2052 947 2133 ποιήσειαν·
994 2048 1300 2133 ἀμύμονα
1349 2046 1411 2113 δ’
1456 2054 1625 2115 οἴκοι
1670 2050 1924 2114 ἄκοιτιν

333 2154 656 2235 νοστήσας
700 2155 960 2239 εὕροιμι
1007 2157 1133 2218 σὺν
1182 2152 1563 2239 ἀρτεμέεσσι
1609 2158 1924 2238 φίλοισιν.
2024 2143 2379 2211 ‘ww-lvm'*

334 2259 520 2342 ὑμεῖς
566 2257 627 2323 δ’
671 2254 836 2323 αὖθι
883 2257 1191 2342 μένοντες
1236 2259 1657 2343 ἐυφραίνοιτε
1705 2272 2022 2342 γυναῖκας

253 2387 308 2428 45
335 2365 677 2448 κουριδίας
719 2363 829 2429 καὶ
874 2363 1094 2430 τέκνα·
1140 2363 1293 2430 θεοὶ
1342 2361 1402 2429 δ’
1449 2365 1687 2451 ἀρετὴν
1735 2364 2051 2431 ὀπάσειαν
2099 2389 2178 2448 cst
2202 2373 2260 2428 εὖ

335 2474 687 2553 παντοίην,
731 2468 841 2535 καὶ
887 2473 975 2554 μή
1023 2494 1086 2535 τι
1131 2473 1336 2536 κακὸν
1382 2447 1785 2554 μεταῖήμιον
1831 2472 1997 2554 εἴη.“
2139 2451 2144 2464 ’

427 2576 514 2651 ὣς
560 2573 788 2658 ἔφαθ’,
836 2578 906 2640 οί
947 2574 1008 2639 δ’
1051 2577 1178 2659 ἄρα
1224 2575 1463 2650 πάντες
1509 2572 1790 2659 ἐπῄνεον
1835 2571 1955 2654 ἠδὲ
1999 2573 2272 2640 κέλευον

336 2678 739 2762 πεμπέμεναι
784 2681 902 2742 τὸν
948 2677 1200 2759 ξεῖνον,
1247 2676 1387 2741 ἐπεὶ
1434 2678 1595 2741 κατὰ
1640 2688 1879 2759 μοῖραν
1926 2680 2115 2742 ἔειπε.

337 2782 447 2848 καὶ
492 2786 638 2848 τότε
675 2784 926 2867 κήρυκα
970 2781 1271 2865 προσέφη
1321 2779 1518 2864 μένος
1556 2779 1946 2846 Ἀλκινόοιο·

258 2912 313 2952 50
431 2890 848 2972 ,,Ποντόνοε,
892 2895 1181 2970 κρητῆρα
1225 2885 1713 2968 κερασσάμενος
1757 2884 1935 2969 μέθυ
1981 2898 2211 2971 νεῖμον

340 3003 541 3060 πᾶσιν
587 2993 712 3058 ἀνὰ
757 2990 1077 3077 μέγαρον,
1123 2985 1276 3075 ὄφρ’
1322 2990 1668 3074 εὐξάμενοι
1717 2988 1838 3056 Διὶ
1884 2991 2078 3077 πατρὶ

340 3103 457 3166 τὸν
503 3098 723 3176 ξεῖνον
766 3097 1119 3180 πέμπωμεν
1167 3094 1282 3179 ἑὴν
1332 3096 1397 3172 ές
1440 3097 1721 3181 πατρίδα
1767 3098 2026 3179 γαῖαν.“

431 3204 518 3280 ὣς
563 3205 765 3287 φάτο,
811 3205 1193 3278 Ποντόνοος
1240 3198 1314 3265 δὲ
1362 3206 1735 3285 μελίφρονα
1787 3198 1976 3267 οἶνον
2023 3201 2278 3286 ἐκίρνα,

342 3311 648 3392 νώμησεν
695 3305 754 3373 δ’
800 3309 927 3389 ἄρα
972 3316 1173 3373 πᾶσιν
1200 3306 1608 3398 ἐπισταδόν·
1658 3308 1729 3370 οί
1770 3302 1844 3369 δὲ
1889 3312 2150 3370 θεοῖσιν

262 3436 316 3479 56
345 3417 652 3480 ἔσπεισαν
699 3413 1090 3496 μακάρεσσι,
1136 3411 1238 3477 τοὶ
1285 3411 1576 3497 οὐρανὸν
1620 3411 1826 3494 εὐρὺν
1873 3414 2138 3495 ἔχουσιν
2158 3461 2176 3495 ,

345 3520 635 3585 αὐτόθεν
681 3517 747 3595 ἐξ
797 3515 1060 3599 ἑδρέων.
1154 3517 1280 3582 ἀνὰ
1329 3514 1387 3581 δ’
1435 3517 1656 3581 ἵστατο
1706 3516 1847 3592 δῖος
1887 3514 2265 3601 Ὀδυσσεύς,

53 977 191 1070 ’μ’ξὶἕ,
