2650 3909
326 241 410 305 68
699 264 730 313 ρ
769 245 882 313 (17)
920 239 1198 307 ἐπάνοδος
1238 241 1565 312 Τηλεμάχου
1603 240 1684 305 εἰς
1712 240 1965 311 Ἰθάκην.

242 425 297 464 6ο
324 401 571 488 ῥέξειν,
617 409 696 468 αἴ
728 402 808 468 κέ
846 410 1014 469 ποθι
1062 407 1232 480 Ζεὺς
1280 406 1508 468 ἄντιτα
1553 406 1713 490 ἔργα
1757 401 2043 488 τελέσσῃ.

421 506 795 593 Τηλέμαχος
840 506 901 571 δ’
947 504 1051 594 ἄρ’
1098 511 1315 574 ἔπειτα
1366 506 1452 574 δι’
1499 508 1572 573 ἐκ
1617 510 1932 594 μεγάροιο
1977 509 2241 591 βεβήκει

324 615 512 698 ἔγχος
556 616 749 699 ἔχων·
798 613 931 696 ἅμα
974 622 1066 701 τῷ
1113 637 1188 696 γε
1236 614 1377 679 δύω
1424 616 1619 690 κύνες
1663 612 1856 700 ἀργοὶ
1902 612 2157 678 ἕποντο.

322 723 685 802 θεσπεσίην
732 716 793 782 δ’
837 719 964 804 ἄρα
1008 727 1098 805 τῷ
1148 742 1221 801 γε
1271 718 1465 803 χάριν
1510 716 1854 802 κατέχευεν
1894 716 2165 801 Ἀθήνη·

324 826 441 889 τὸν
488 822 548 887 δ’
595 825 722 910 ἄρα
765 823 1006 900 πάντες
1051 822 1197 888 λαοὶ
1244 823 1687 908 ἐπερχόμενον
1730 829 2040 906 θηεῦντο.

246 951 298 991 65
326 927 495 1012 ἀμφὶ
541 927 621 993 δέ
660 952 776 1011 μιν
822 936 1186 1013 μνηστῆρες
1232 927 1554 1013 ἀγήνορες
1598 925 1999 1011 ἠγερέθοντο

324 1030 508 1098 ἔσθλ’
556 1033 1020 1118 ἀγορεύοντες,
1063 1033 1232 1096 κακὰ
1279 1029 1354 1096 δὲ
1400 1030 1597 1118 φρεσὶ
1640 1035 2157 1116 βυσσοδόμευον.

323 1138 531 1223 αὐτὰρ
579 1139 615 1204 ὁ
660 1147 792 1202 τῶν
837 1134 960 1221 μὲν
1005 1140 1224 1202 ἔπειτα
1271 1137 1554 1203 ἀλεύατο
1600 1141 1862 1203 πουλὺν
1911 1138 2177 1220 ὅμιλον,

323 1240 467 1307 ἀλλ’
509 1243 621 1307 ἵνα
664 1241 953 1328 Μέντωρ
1000 1237 1161 1326 ἧστο
1207 1240 1318 1307 καὶ
1347 1240 1663 1328 ’Ἄντιφος
1709 1240 1815 1326 ἠδ’
1863 1239 2281 1328 Ἀλιθέρσης,

324 1348 395 1412 οἵ
433 1346 508 1412 τέ
549 1348 620 1412 οἰ
660 1345 726 1424 ἐξ
772 1345 972 1432 ἀρχῆς
1017 1348 1340 1431 πατρώιοι
1385 1342 1558 1430 ἦσαν
1606 1345 1885 1433 ἑταῖροι,

247 1477 299 1516 ⁷0
326 1454 493 1517 ἔνθα
536 1447 827 1531 καθέζετ’
874 1453 1020 1518 ἰών·
1065 1449 1168 1517 τοὶ
1216 1450 1275 1516 δ’
1324 1451 1689 1539 ἐξερέεινον
1738 1452 1991 1518 ἕκαστα.

322 1568 493 1623 τοῖσι
540 1555 616 1623 δὲ
659 1560 979 1643 Πείραιος
1028 1558 1463 1642 δουρικλυτὸς
1508 1557 1796 1641 ἐγγύθεν
1841 1553 2011 1641 ἦλθε

325 1662 545 1739 ξεῖνον
589 1664 772 1745 ἄγων
817 1661 1073 1747 ἀγορὴν
1120 1657 1193 1725 δὲ
1243 1663 1354 1726 διὰ
1399 1665 1661 1727 πτόλιν·
1709 1660 1853 1727 οὐδ’
1901 1658 2004 1746 ἄρ’
2051 1665 2145 1727 ἔτι
2192 1664 2319 1746 δὴν

334 1768 705 1853 Τηλέμαχος
750 1766 992 1856 ξείνοιο
1041 1764 1193 1842 ἑκὰς
1237 1764 1535 1849 τράπετ’,
1582 1766 1748 1830 ἀλλὰ
1792 1764 2096 1849 παρέστη.

325 1873 443 1936 τὸν
487 1869 598 1936 καὶ
642 1874 954 1953 Πείραιος
998 1874 1317 1956 πρότερος
1362 1872 1527 1955 πρὸς
1573 1877 1798 1953 μῦθον
1844 1874 2043 1934 ἔειπε·

248 2000 300 2040 ⁰15
417 1974 818 2061 ,,Ίἠλέμαχ’,
863 1971 1001 2054 αἶψ’
1050 1978 1341 2059 ὄτρυνον
1386 1973 1545 2057 ἐμὸν
1591 1973 1742 2039 ποτὶ
1786 1977 1973 2058 δῶμα
2009 1986 2346 2059 γυναῖκας,

326 2081 416 2157 ὥς
458 2103 561 2145 τοι
608 2071 766 2166 δῶρ’
813 2078 1216 2162 ἀποπέμψω,
1262 2079 1304 2144 ἅ
1349 2101 1453 2143 τοι
1496 2078 1844 2156 Μενέλαος
1888 2079 2154 2144 ἔδωκε.“

414 2188 532 2251 τὸν
579 2183 639 2251 δ’
681 2180 767 2250 αὖ
823 2182 1198 2270 Τηλέμαχος
1245 2183 1659 2269 πεπνυμένος
1704 2183 1933 2250 ἀντίον
1978 2186 2180 2269 ηὔδα·

416 2284 752 2378 ,,Πείραι’,
798 2290 880 2356 οὐ
925 2291 1050 2376 γάρ
1097 2286 1153 2354 τ’
1204 2291 1392 2376 ἴδμεν
1450 2290 1627 2367 ὅπως
1672 2292 1853 2355 ἔσται
1897 2292 2053 2357 τάδε
2102 2294 2277 2376 ἔργα.

328 2403 397 2462 εἴ
430 2421 546 2462 κεν
593 2393 704 2481 ἐμὲ
750 2405 1118 2483 μνηστῆρες
1165 2396 1489 2483 ἀγήνορες
1535 2395 1608 2461 ἐν
1655 2398 2000 2484 μεγάροισι

248 2527 301 2567 80
329 2503 547 2589 λάθρῃ
592 2507 963 2578 κτείναντες
1006 2503 1303 2588 πατρώια
1352 2502 1567 2567 πάντα
1615 2501 1947 2567 δάσωνται
1962 2551 1980 2584 ,

329 2609 532 2674 αὐτὸν
579 2608 815 2691 ἔχοντά
865 2624 937 2671 σε
982 2604 1260 2688 βούλομ’
1306 2604 1674 2690 ἐπαυρέμεν
1708 2608 1780 2702 ζῇ,
1805 2630 1954 2670 τινα
1998 2608 2233 2671 τῶνδε·
2294 2563 2638 2664 αατίἷῖἇῖα».

330 2715 392 2776 εἰ
434 2710 515 2776 δέ
553 2708 615 2775 κ’
657 2710 784 2792 ἐγὼ
831 2711 1123 2774 τούτοισι
1169 2712 1387 2791 φόνον
1433 2707 1542 2773 καὶ
1586 2718 1755 2794 κῆρα
1800 2711 2140 2794 φυτεύσω,

331 2819 413 2900 δὴ
459 2818 603 2880 τότε
650 2837 764 2896 μοι
808 2816 1108 2899 χαίροντι
1153 2811 1386 2911 φέρειν
1430 2815 1594 2897 πρὸς
1640 2814 1906 2897 δώματα
1950 2821 2066 2899 χαί
2106 2816 2260 2879 ων.“
2286 2797 2604 2914 (mx-„522

130 2915 217 2985 O
420 2920 509 2995 ὣς
552 2919 757 2983 εἰπὼν
805 2918 1025 2997 ξεῖνον
1070 2920 1495 3005 ταλέιπείριον
1539 2913 1699 3000 ἦγεν
1746 2918 1812 2996 ἐς
1857 2915 2060 2986 οἷκον.
2144 2908 2272 2976 «νά
2295 2941 2536 2984 -wmm

216 3035 221 3040 ’
253 3049 305 3090 85
334 3026 540 3111 αὐτὰρ
587 3023 734 3089 ἐπεί
775 3022 836 3110 ῥ’
878 3025 1101 3090 ἵκοντο
1151 3026 1398 3107 δόμους
1441 3022 1971 3109 εὐναιετάοντας,

332 3135 605 3217 χλαίνας
651 3128 773 3215 μὲν
819 3128 1177 3195 κατέθεντο
1221 3130 1384 3193 κατὰ
1429 3132 1747 3214 κλισμούς
1800 3154 1869 3194 τε
1914 3133 2209 3216 θρόνους
2252 3155 2353 3214 τε,

336 3236 401 3313 ἐς
447 3235 507 3300 δ’
555 3235 974 3319 ἀσαμίνθους
1018 3235 1252 3319 βάντες
1298 3233 1599 3312 ἐυξέστας
1645 3236 1991 3301 λούσαντο.

334 3343 489 3417 τοὺς
536 3337 595 3405 δ’
644 3339 783 3404 ἐπεὶ
830 3335 957 3405 οὖν
1004 3338 1219 3429 δμωαὶ
1267 3344 1520 3405 λοῦσαν
1564 3338 1674 3405 καὶ
1718 3352 1954 3425 χρῖσαν
1999 3338 2230 3431 ἐλαίῳ,

336 3444 503 3530 ἀμφὶ
551 3443 612 3510 δ’
661 3446 788 3531 ἄρα
833 3449 1104 3529 χλαίνας
1150 3447 1354 3522 οὔλας
1398 3445 1607 3528 βάλον
1651 3442 1771 3529 ἠδὲ
1817 3456 2125 3531 χιτῶνας,

255 3574 308 3613 οο
338 3554 407 3616 ἔκ
454 3547 516 3637 ῥ’
559 3549 956 3634 ἀσαμίνθων
999 3551 1232 3633 βάντες
1278 3549 1392 3616 ἐπὶ
1435 3555 1769 3634 κλισμοῖσι
1815 3551 2107 3630 κάθιζον.
