2650 3909
1024 250 1067 299 φ
1105 232 1217 297 (21)
1254 230 1421 296 τόξου
1456 229 1633 292 θέσις.
2204 226 2330 290 139

322 390 708 474 Τηλεμάχου
754 388 964 476 ἑτάρω
1008 412 1078 456 τε
1123 391 1498 473 κασιγνήτω
1540 412 1611 456 τε
1658 391 1956 456 ἔσεσθον.

313 496 377 559 εί
418 491 479 558 δ’
525 495 643 578 ἄγε
691 496 805 578 δή,
851 494 961 560 καὶ
1008 504 1182 580 σῆμα
1227 491 1589 580 ἀριφραδὲς
1632 494 1795 560 ἄλλό
1839 516 1902 558 τι
1948 492 2172 575 δείξω,

314 599 489 684 ὄφρά
534 596 602 682 μ’
648 602 725 665 ἔυ
770 612 1026 682 γνῶτον
1070 603 1495 685 πιστωθῆτόν
1539 597 1594 664 τ’
1643 597 1744 664 ἐνὶ
1787 604 2016 684 θυμῷ.

314 704 555 788 οὐλήν,
598 707 721 788 τήν
765 704 930 770 ποτέ
968 729 1048 790 με
1096 716 1217 783 σῦς
1257 707 1462 789 ἤλασε
1509 710 1722 792 λευκῷ
1772 705 1998 770 ὀδόντι

206 833 287 873 220
314 811 680 895 Παρνησὸν
727 806 788 874 δ’
840 809 1128 876 ἐλθόντα
1174 813 1302 876 σὺν
1346 810 1576 876 υἱάσιν
1620 808 2101 875 Αὐτολύκοιο.“

404 914 493 991 ὣς
536 915 743 980 εἰπὼν
789 914 993 1000 ῥάκεα
1038 917 1323 1001 μεγάλης
1365 913 1788 1001 ἀποέργαθεν
1832 915 2052 997 οὐλῆς.

312 1021 402 1085 τὼ
451 1016 512 1084 δ’
561 1017 698 1084 ἐπεὶ
745 1019 1074 1104 εἰσιδέτην
1121 1017 1197 1087 εὖ
1241 1019 1300 1088 τ’
1344 1020 1760 1106 ἐφράσσαντο
1807 1020 2073 1103 ἕκαστα,

313 1130 547 1191 κλαῖον
592 1119 698 1211 ἄρ’
741 1123 905 1210 ἀμφ’
951 1124 1223 1210 Ὀδυσῆι
1270 1129 1587 1212 δαΐφρονι
1631 1137 1808 1213 χεῖρε
1854 1128 2132 1210 βαλόντε

315 1228 426 1294 καὶ
470 1231 713 1295 κύνεον
760 1229 1239 1315 ἀγαπαζόμενοι
1265 1235 1583 1316 ,κεφαλήν
1627 1254 1696 1297 τε
1741 1230 1853 1297 καὶ
1899 1232 2145 1314 ὤμους·

207 1359 287 1398 225
316 1335 409 1411 ὣς
453 1332 514 1398 δ’
561 1335 774 1412 αὕτως
811 1332 1126 1413 Ὀδυσεὺς
1169 1337 1460 1422 κεφαλὰς
1501 1334 1613 1401 καὶ
1658 1348 1880 1421 χεῖρας
1924 1338 2177 1400 ἔκυσσε.

315 1443 433 1505 καί
469 1441 557 1504 νύ
601 1436 661 1504 κ’
707 1438 1217 1524 ὀδυρομένοισιν
1262 1443 1382 1505 ἔδυ
1428 1441 1597 1526 φάος
1639 1441 1921 1525 ἠελίοιο,

315 1548 379 1610 εἰ
420 1547 510 1629 μὴ
550 1541 905 1621 Ὀδυσσεὺς
949 1545 1147 1622 αὐτὸς
1193 1544 1466 1629 ἐρύκακε
1512 1544 1826 1629 φώνησέν
1872 1564 1970 1609 τε·

409 1651 798 1734 ,,παύεσθον
843 1655 1216 1734 κλαυθμοῖο
1263 1653 1451 1735 γόοιό
1497 1673 1598 1734 τε,
1643 1652 1732 1735 μή
1777 1671 1876 1726 τις
1921 1651 2138 1733 ἴδηται

317 1755 608 1834 ἐξελθὼν
653 1756 1004 1842 μεγάροιο,
1049 1755 1214 1839 ἀτὰρ
1258 1762 1482 1843 εἴπῃσι
1525 1755 1638 1821 καὶ
1682 1761 1860 1821 εἴσω.

210 1885 290 1925 230
317 1861 484 1928 ἀλλὰ
528 1873 1007 1965 προμνηστῖνοι
1055 1860 1393 1945 ἐσέλθετε,
1439 1858 1591 1945 μηδ’
1638 1862 1772 1945 ἅμα
1815 1860 2085 1944 πάντες,
2150 1857 2161 1936 ἱ
2197 1847 2298 1964 {¹⁸5¹

316 1978 572 2051 πρῶτος
616 1966 767 2062 ἐγώ,
812 1967 972 2050 μετὰ
1010 1964 1070 2033 δ’
1115 1969 1339 2052 ὔμμες.
1414 1966 1577 2053 ἀτὰρ
1612 1969 1766 2033 τόδε
1803 1976 1976 2051 σῆμα
2012 1967 2336 2051 τετύχθω·

318 2073 508 2136 ἄλλοι
553 2067 676 2154 μὲν
721 2073 846 2157 γὰρ
893 2073 1164 2156 πάντες,
1209 2073 1357 2138 ὅσοι
1403 2082 1768 2158 μνηστῆρες
1811 2071 2082 2155 ἀγαυοί,

320 2175 443 2240 οὐκ
488 2173 802 2261 ἐάσουσιν
847 2175 994 2259 ἐμοὶ
1041 2178 1315 2260 δόμεναι
1362 2178 1514 2260 βιὸν
1558 2174 1679 2261 ἠδὲ
1724 2176 2084 2264 φαρέτρην·

320 2279 487 2345 ἀλλὰ
533 2281 649 2362 σύ,
694 2277 782 2343 δῖ’
835 2281 1120 2364 Εὔμαιε,
1166 2277 1391 2366 φέρων
1436 2279 1564 2346 ἀνὰ
1612 2282 1880 2365 δώματα
1923 2280 2118 2359 τόξον

211 2409 292 2451 235
321 2384 395 2449 ἐν
439 2388 772 2469 χείρεσσιν
819 2383 963 2467 ἐμοὶ
1007 2382 1315 2468 θέμεναι·
1363 2387 1576 2451 εἰπεῖν
1623 2382 1698 2451 δὲ
1742 2384 2003 2468 γυναιξὶ

318 2493 624 2574 κληίσσαι
671 2490 984 2574 μεγάροιο
1030 2491 1249 2574 θύρας
1292 2502 1588 2567 πυκινῶς
1631 2490 1977 2577 ἀραρυίας·

318 2595 403 2679 ἤν
450 2593 532 2661 δέ
570 2618 669 2673 τις
713 2595 754 2679 ἢ
802 2605 1121 2682 στοναχῆς
1163 2592 1241 2680 ἠὲ
1285 2597 1537 2661 κτύπου
1582 2599 1782 2663 ἔνδον
1826 2596 2078 2682 ἀκούσῃ

319 2702 588 2788 ἀνδρῶν
631 2701 1048 2788 ἡμετέροισιν
1092 2702 1167 2767 ἐν
1213 2701 1463 2787 ἕρκεσι,
1509 2704 1598 2785 μή
1643 2726 1708 2768 τι
1752 2704 2000 2787 θύραζε

319 2809 805 2892 προβλώσκειν,
849 2804 996 2873 ἀλλ’
1037 2807 1242 2873 αὐτοῦ
1288 2806 1456 2891 ἀκὴν
1503 2810 1728 2890 ἔμεναι
1772 2809 1950 2893 παρὰ
1995 2810 2183 2894 ἔργῳ.

215 2935 294 2975 240
323 2910 428 2977 σοὶ
478 2910 580 2994 δέ,
630 2915 924 2977 Φιλοίτιε
972 2913 1105 2996 δῖε,
1149 2913 1367 2996 θύρας
1412 2911 1825 2998 ἐπιτέλλομαι
1872 2913 2076 2996 αὐλῆς

319 3021 626 3101 κληίσσαι
670 3018 926 3099 κληῖδι,
967 3021 1151 3091 θοῶς
1195 3014 1257 3081 δ’
1303 3015 1412 3081 ἐπὶ
1459 3019 1704 3112 δεσμὸν
1752 3017 1992 3104 ίῆλαι.“
2031 3019 2210 3086 ΜΗ
2259 3003 2358 3082 ‘Ca

409 3121 499 3199 ὣς
543 3123 746 3187 είπὼν
793 3123 1063 3205 εἰσῆλθε
1110 3123 1358 3206 δόμους
1400 3123 1959 3219 εὐναιετάοντας·δ

320 3224 478 3306 ἕζετ’
526 3224 725 3292 ἔπειτ’
767 3225 873 3291 ἐπὶ
920 3227 1164 3310 δίφρον
1211 3227 1335 3292 ἰὼν
1382 3226 1581 3293 ἔνθέν
1625 3248 1748 3310 περ
1795 3226 2053 3310 ἀνέστη.

324 3331 389 3408 ἐς
433 3330 494 3396 δ’
538 3334 666 3418 ἄρα
710 3330 820 3397 καὶ
865 3332 955 3396 τὼ
1003 3332 1178 3415 δμῶε
1228 3338 1373 3413 ἴτην
1418 3334 1613 3397 θείου
1654 3330 1985 3416 Ὀδυσῆος.

216 3457 294 3498 245
409 3437 803 3523 Εὐρύμαχος
848 3434 909 3502 δ’
951 3439 1080 3521 ἤδη
1127 3435 1319 3515 τόξον
1367 3438 1527 3520 μετὰ
1571 3435 1798 3523 χερσὶν
1845 3436 2065 3520 ἐνώμα

321 3541 602 3607 θάλπων
648 3543 815 3608 ἔνθα
858 3541 969 3608 καὶ
1015 3543 1184 3608 ἔνθα
1228 3540 1386 3630 σέλᾳ
1421 3545 1656 3629 πυρός·
1703 3542 1869 3608 ἀλλά
1906 3567 2021 3626 μιν
2058 3541 2204 3608 οὐδ’
2250 3536 2338 3617 ὥς
