2650 3909
371 262 456 325 28
771 264 799 328 ξ
837 264 948 332 (14)
983 258 1284 324 ’Ὀδυσσέως
1319 261 1460 332 πρὸς
1496 261 1752 332 Εὔμαιον
1791 264 1991 332 ὁμιλία.

19 405 309 482 tam&
373 421 516 488 ἀλλ’
559 424 677 506 ἄγε
723 433 850 488 νῦν
897 423 1146 510 ῥήτρην
1191 421 1609 507 ποιηῗσόμεθ’·
1658 425 1862 509 αὐτὰρ
1910 426 2146 489 ὄπισθε

375 529 696 615 μάρτυροι
743 527 1171 614 ἀμφοτέροισι
1214 533 1400 610 θεοί,
1445 527 1547 595 τοὶ
1579 526 1920 613 Ὄλυμπον
1966 533 2249 614 ἔχουσιν.

267 654 346 695 395
374 641 443 698 εἴ
477 658 594 699 κεν
638 638 1020 718 νοστήσειεν
1065 634 1226 713 ἄναξ
1272 637 1417 707 τεὸς
1463 634 1529 710 ἐς
1571 636 1723 699 τόδε
1770 636 1988 717 δῶμα,

374 739 568 817 ἕσσας
612 765 689 824 με
735 740 1013 826 χλαῖνάν
1058 763 1125 803 τε
1172 739 1416 824 χιτῶνά
1461 762 1530 803 τε
1577 740 1807 822 εἵματα
1851 738 2098 823 πέμψαι

372 849 738 929 Δουλίχιον
783 843 844 910 δ’
889 844 1089 926 ἰέναι,
1136 844 1253 908 ὅθι
1298 868 1413 928 μοι
1459 848 1660 929 φίλον
1707 847 1935 910 ἔπλετο
1981 852 2207 930 θυμῷ·

373 954 435 1015 εί
479 950 558 1016 δέ
598 975 670 1015 κε
716 952 804 1035 μὴ
852 953 1129 1033 ἔλθῃσιν
1175 934 1337 1027 ἅναξ
1385 952 1530 1026 τεὸς
1575 950 1662 1026 ώς
1708 949 2037 1036 ἀγορεύω,

373 1058 595 1139 δμῶας
639 1054 984 1133 ἐπισσεύας
1029 1053 1292 1137 βαλέειν
1340 1056 1622 1139 μεγάλης
1665 1056 1827 1121 κατὰ
1871 1054 2137 1140 πέτρης,

265 1183 346 1222 400
375 1162 548 1246 ὄφρα
592 1159 702 1225 καὶ
747 1163 944 1237 ἄλλος
987 1163 1245 1245 πτωχὸς
1290 1160 1591 1225 ἀλεύεται
1635 1162 2129 1246 ἠπεροπεύειν.“

460 1269 576 1332 τὸν
625 1262 683 1331 δ’
728 1266 1249 1351 ἀπαμειβόμενος
1293 1268 1724 1351 προσεφώνεε
1772 1268 1914 1343 δῖος
1957 1267 2277 1350 ὑφορβός·

462 1371 697 1458 ,,ξεῖν’,
742 1373 913 1439 οὕτω
961 1373 1086 1456 γάρ
1134 1370 1254 1438 κέν
1301 1397 1415 1456 μοι
1463 1372 1719 1457 ἐυκλείη
1765 1371 1822 1438 τ’
1875 1372 2069 1458 ἀρετή
2116 1397 2183 1437 τε

374 1486 472 1563 εἴη
521 1477 621 1545 ἐπ’
664 1479 1094 1565 ἀνθρώπους,
1139 1479 1273 1563 ἅμα
1317 1475 1376 1543 τ’
1418 1479 1651 1544 αὐτίκα
1696 1476 1807 1543 καὶ
1852 1477 2219 1563 μετέπειτα,

374 1585 447 1661 ὅς
494 1583 554 1649 σ’
602 1584 742 1650 ἐπεὶ
787 1584 854 1661 ἐς
897 1589 1157 1668 κλισίην
1204 1586 1457 1668 ἄγαγον
1500 1582 1613 1648 καὶ
1658 1582 1867 1660 ξείνια
1914 1585 2122 1665 δῶκα,

268 1710 348 1751 405
376 1685 559 1766 αὖτις
604 1688 679 1755 δὲ
724 1694 1047 1774 κτείναιμι
1092 1693 1296 1774 φίλον
1342 1688 1399 1754 τ’
1446 1688 1572 1753 ἀπὸ
1618 1690 1843 1771 θυμὸν
1891 1685 2185 1770 ἑλοίμην·

374 1798 698 1880 πρόφρων
744 1819 859 1859 κεν
905 1795 987 1877 δὴ
1036 1796 1256 1858 ἔπειτα
1301 1797 1440 1857 Δία
1487 1796 1842 1878 Κρονίωνα
1893 1796 2225 1875 λιτοίμην,

374 1910 503 1965 νῦν
550 1898 610 1963 δ’
656 1901 791 1983 ὥρη
839 1900 1141 1983 δόρποιο·
1187 1898 1460 1983 τάχιστά
1505 1921 1617 1981 μοι
1664 1898 1862 1980 ἔνδον
1910 1894 2155 1980 ἑταῖροι

375 2001 543 2088 εἷεν,
588 2002 676 2069 ἵν’
728 2005 799 2069 ἐν
845 2006 1065 2088 κλισίῃ
1113 2005 1318 2092 λαρὸν
1365 2005 1797 2084 τετυκοίμεθα
1844 2002 2156 2084 δόρπον.“
2277 2008 2511 2093 &ainata

466 2110 555 2186 ὣς
601 2111 671 2174 οἰ
710 2104 830 2192 μὲν
876 2117 1144 2173 τοιαῦτα
1189 2110 1356 2192 πρὸς
1399 2106 1726 2191 ἀλλήλους
1771 2105 2128 2191 ἀγόρευον·

269 2239 350 2278 410
376 2215 736 2299 ἀγχίμολον
783 2211 858 2279 δὲ
905 2215 1058 2291 σύες
1101 2237 1170 2278 τε
1217 2211 1326 2278 καὶ
1374 2212 1600 2298 ἀνέρες
1645 2207 1860 2296 ἦλθον
1906 2212 2209 2297 ὑφορβοί.

374 2322 492 2397 τὰς
536 2318 657 2404 μὲν
703 2322 829 2406 ἄρα
876 2318 1070 2402 ἔρξαν
1114 2321 1278 2384 κατὰ
1321 2321 1494 2402 ἤθεα
1537 2326 1968 2404 κοιμηθῆναι,

376 2428 625 2511 κλαγγὴ
675 2424 737 2490 δ’
779 2427 1055 2502 ἄσπετος
1102 2420 1276 2509 ὦρτο
1325 2436 1506 2491 συῶν
1554 2424 2060 2509 αὐλιζομενάων.

378 2531 583 2616 αὐτὰρ
631 2533 667 2597 ὁ
714 2523 839 2622 οἷς·
860 2530 1192 2616 ἑτάροισιν
1239 2530 1533 2596 ἐκέκλετο
1583 2531 1725 2606 δῖος
1768 2530 2089 2615 ὑφορβός·

468 2633 698 2720 »ἄξεθ’
739 2637 880 2700 ὑῶν
925 2638 1042 2700 τὸν
1088 2637 1393 2718 ἄριστον,
1438 2636 1550 2699 ἵνα
1597 2633 1787 2722 ξείνω
1838 2635 2109 2717 ἱερεύσω

270 2765 350 2804 415
378 2742 746 2826 τηλεδαπῷ·
793 2741 957 2823 πρὸς
1002 2736 1064 2802 δ’
1108 2738 1295 2804 αὐτοὶ
1344 2737 1731 2822 ὀνησόμεθ’,
1777 2740 1849 2803 οἵ
1886 2760 2010 2819 περ
2058 2738 2239 2816 ὀιζὺν

378 2846 504 2929 δὴν
551 2848 784 2930 ἔχομεν
828 2843 1190 2928 πάσχοντες
1235 2844 1377 2909 ὑῶν
1424 2841 1592 2907 ἕνεκ’
1637 2843 2115 2929 ἀργιοδόντων·

377 2953 565 3016 ἄλλοι
612 2948 672 3014 δ’
714 2947 1031 3035 ἡμέτερον
1076 2949 1370 3032 κάματον
1416 2950 1743 3032 νήποινον
1791 2948 2126 3014 ἔδουσιν.“

320 3059 325 3063 ’
467 3056 555 3132 ὣς
598 3056 725 3139 ἄρα
771 3056 1084 3139 φωνήσας
1127 3052 1322 3118 κέασε
1369 3052 1533 3131 ξύλα
1577 3053 1764 3138 νηλέι
1808 3060 2057 3140 χαλκῷ,

378 3162 448 3227 οἰ
489 3159 548 3226 δ’
595 3157 681 3226 ὗν
728 3163 994 3243 εἰσῆγον
1041 3158 1214 3243 μάλα
1259 3161 1463 3224 πίονα
1507 3157 1968 3244 πενταέτηρον.

270 3292 353 3331 420
382 3268 500 3331 τὸν
545 3262 667 3349 μὲν
714 3262 910 3330 ἔπειτ’
957 3268 1239 3349 ἔστησαν
1285 3262 1386 3330 ἐπ’
1431 3264 1697 3351 ἐσχάρῃ·
1746 3261 1904 3331 οὐδὲ
1951 3265 2248 3347 συβώτης

377 3368 601 3454 λήθετ’
645 3368 749 3458 ἄρ’
794 3370 1178 3458 ἀθανάτων·
1224 3368 1423 3456 φρεσὶ
1467 3371 1594 3455 γὰρ
1640 3366 1893 3454 κέχρητ’
1941 3367 2305 3454 ἀγαθῇσιν·

376 3474 520 3542 ἀλλ’
562 3477 599 3541 ὅ
645 3474 706 3559 γ’
753 3476 1206 3561 ἀπαρχόμενος
1251 3479 1541 3560 κεφαλῆς
1587 3479 1810 3561 τρίχας
1847 3473 1920 3540 ἐν
1955 3473 2116 3562 πυρὶ
2153 3475 2394 3558 βάλλεν

376 3584 808 3671 ἀργιόδοντος
851 3582 1001 3664 ὑός,
1051 3579 1161 3645 καὶ
1208 3579 1518 3664 ἐπεύχετο
1565 3589 1725 3647 πᾶσι
1770 3588 1991 3648 θεοῖσι
