2650 3909
750 255 783 288 υ
824 239 935 304 (20)
974 234 1046 288 τὰ
1081 236 1190 305 πρὸ
1226 243 1325 304 τῆς
1361 237 1864 304 μνηστηροφονίας.
2193 233 2318 297 119

301 396 425 461 οὐκ
470 402 605 479 οἴη·
653 396 787 480 ἄμα
829 405 909 481 τῇ
955 419 1030 479 γε
1075 398 1185 461 καὶ
1231 395 1595 481 ἀμφίπολοι
1640 399 1790 461 κίον
1834 397 2045 461 ἄλλαι.

302 499 370 576 ές
415 497 478 565 δ’
522 497 766 589 ὑπερῷ’
813 501 1113 585 ἀναβᾶσα
1160 503 1288 566 σὺν
1333 500 1766 585 ἀμφιπόλοισι
1812 496 2074 584 γυναιξὶ

301 609 527 671 κλαῖεν
574 603 769 670 ἔπειτ’
808 602 1124 689 Ὀδυσῆα,
1172 610 1374 689 φίλον
1418 607 1650 688 πόσιν,
1696 604 1871 690 ὄφρά
1918 605 1988 669 οἰ
2026 604 2242 670 ὕπνον

299 710 474 792 ἡδὺν
519 709 625 776 έπὶ
670 712 1062 797 βλεφάροισι
1107 712 1267 795 βάλε
1313 717 1690 795 γλαυκῶπις
1727 707 1992 794 Ἀθήνη.

953 1008 1539 1084 ΟΔΤΣΣΕῙΑΣ
1589 1010 1679 1083 Τ.

396 1136 624 1220 Αὐτὰρ
672 1138 708 1204 ὁ
756 1135 830 1203 ἐν
874 1138 1189 1225 προδόμῳ
1237 1136 1541 1215 εὐνάζετο
1590 1139 1733 1214 δῖος
1769 1133 2146 1211 Ὀδυσσεύς·

305 1242 437 1326 κὰμ
483 1238 604 1324 μὲν
650 1241 983 1337 ἀδεζιζητον
1027 1244 1231 1326 βοέην
1277 1239 1562 1324 στόρεσ’,
1608 1241 1816 1325 αὐτὰρ
1861 1214 2499 1324 ὕπερθεὼᾎωψυυ.)

275 1347 477 1411 κκώεα
522 1344 711 1411 πόλλ’
755 1347 950 1429 ὀίων,
996 1350 1151 1422 τοὺς
1197 1348 1541 1430 ἱρεύεσκον
1580 1344 1859 1432 Ἀχαιοί·
2002 1402 2009 1410 .

304 1452 666 1538 Εὐρυνόμη
714 1449 777 1517 δ’
819 1449 923 1538 ἄρ’
971 1451 1076 1517 ἐπὶ
1120 1456 1399 1537 χλαῖναν
1444 1451 1605 1534 βάλε
1651 1450 2058 1534 κοιμηθέντι.

248 1581 275 1622 5
306 1553 451 1621 ἔνθ’
501 1554 813 1634 Ὀδυσεὺς
856 1564 1222 1642 μνηστῆρσι
1266 1557 1435 1621 κακὰ
1481 1554 1788 1642 φρονέων
1835 1554 1936 1620 ἐνὶ
1981 1561 2177 1642 θυμῷ

301 1658 456 1726 κεῖτ’
505 1660 956 1749 ἐγρηγορόων·
1002 1660 1107 1727 ταὶ
1156 1659 1220 1726 δ’
1263 1660 1335 1727 ἐκ
1380 1662 1695 1747 μεγάροιο
1741 1672 2049 1744 γυναῖκες

302 1768 533 1851 ἤισαν,
579 1770 653 1832 αἱ)
693 1775 1104 1853 μνηστῆρσιν
1151 1765 1617 1851 ἐμισγέσκοντο
1661 1767 1870 1851 πάρος
1912 1787 2067 1853 περ,

304 1871 624 1958 ἀλλήλῃσι
670 1871 840 1955 γέλω
886 1896 955 1937 τε
1003 1874 1112 1937 καὶ
1158 1871 1585 1957 εὐφροσύνην
1629 1869 2050 1957 παρέχουσαι.

304 1986 426 2042 τοῦ
472 1975 533 2042 δ’
579 1977 853 2062 ὠρίνετο
900 1981 1117 2061 θυμὸς
1164 1977 1264 2044 ἐνὶ
1311 1981 1629 2062 στήθεσσι
1676 1983 1960 2065 φίλοισι·

227 2105 279 2147 10
306 2083 520 2147 πολλὰ
567 2080 641 2147 δὲ
687 2085 1035 2167 μερμήριζε
1080 2085 1243 2148 κατὰ
1288 2083 1501 2169 φρένα
1545 2082 1655 2149 καὶ
1701 2084 1863 2149 κατὰ
1908 2086 2167 2166 θυμόν,

305 2183 381 2270 ἠὲ
427 2187 728 2270 μεταΐξας
774 2188 1074 2252 θάνατον
1120 2187 1406 2264 τεύξειεν
1455 2186 1690 2275 ἑκάστῃ
1705 2237 1725 2272 ,

305 2287 346 2375 ἦ
395 2289 484 2356 ἔτ’
528 2290 612 2378 ἐῷ
661 2301 1070 2376 μνηστῆρσιν
1116 2292 1587 2375 ὑπερφιάλοισι
1632 2303 1902 2377 μιγῆναι
1989 2272 2087 2347 (ΙῙ

304 2380 578 2462 ὕστατα-
596 2393 706 2460 καὶ
751 2398 1038 2480 πύματα·
1085 2398 1324 2481 κραδίη
1373 2395 1453 2461 δέ
1494 2398 1565 2462 oc
1605 2399 1803 2462 ἔνδον
1848 2397 2132 2462 ὑλάκτει.

308 2503 397 2578 ὡς
442 2497 517 2566 δὲ
562 2502 743 2567 κύων
789 2500 1076 2585 ἀμαλῇσι
1120 2499 1271 2585 περὶ
1316 2501 1712 2579 σκυλάκεσσι
1757 2506 2019 2587 βεβῶσα

226 2629 279 2671 15
308 2604 498 2687 ἄνδρ’
546 2605 929 2690 ἀγνοιήσασ’
975 2607 1164 2672 ὑλάει
1210 2605 1497 2690 μέμονέν
1541 2630 1610 2672 τε
1656 2608 2015 2694 μάχεσθαι,

308 2713 398 2789 ὥς
443 2712 528 2798 ῥα
574 2723 694 2777 τοῦ
738 2713 939 2778 ἔνδον
983 2712 1248 2778 ὑλάκτει
1295 2710 1695 2810 ἀγαιομένου
1740 2714 1907 2778 κακά
1955 2716 2127 2797 ἔργα.
2153 2731 2398 2829 οωφῖ
2435 2708 2504 2770 ..1

311 2823 557 2900 στῆθος
604 2816 679 2882 δὲ
723 2815 969 2900 πλήξας
1013 2819 1295 2903 κραδίην
1340 2818 1624 2900 ἠνίπαπε
1671 2819 1893 2905 μύθῳ·

398 2920 710 3006 »τέτλαθι
757 2923 865 3004 δή,
909 2922 1174 3006 κραδίη·
1221 2919 1333 2987 καὶ
1368 2923 1690 3005 κύντερον
1728 2923 1889 2987 ἄλλό
1935 2918 2078 2988 ποτ’
2122 2925 2331 3006 ἔτλης,

308 3029 507 3111 ἤματι
551 3035 676 3113 τῷ,
721 3026 829 3090 ὅτε
876 3048 990 3108 μοι
1036 3025 1233 3111 μένος
1277 3027 1548 3111 ἄσχετος
1590 3026 1785 3106 ἤσθιε
1833 3027 2129 3119 Κύκλωψ

228 3156 282 3194 20
312 3133 632 3216 ἰφθίμους
677 3128 975 3216 ἑτάρους·
1025 3133 1108 3193 σὺ
1155 3127 1216 3193 δ’
1264 3129 1567 3214 ἐτόλμας,
1614 3132 1792 3214 ὄφρά
1840 3148 1913 3195 σε
1958 3140 2145 3214 μῆτις

311 3234 566 3320 ἐξάγαγ’
615 3234 681 3313 ἐξ
727 3237 996 3321 ἄντροιο
1044 3234 1352 3317 ὀιόμενον
1396 3233 1826 3301 θανέεσθαι.“

401 3340 490 3417 ὣς
535 3339 717 3426 ἔφατ’
766 3339 839 3406 ἐν
886 3342 1203 3423 στήθεσσι
1247 3344 1749 3424 καθαπτόμενος
1794 3343 1996 3424 φίλον
2041 3336 2221 3425 ἦτορ.

311 3455 401 3534 τῷ
450 3444 525 3510 δὲ
570 3443 723 3530 μάλ’
767 3445 840 3510 ἐν
884 3449 1077 3538 πείσῃ
1123 3446 1362 3531 κραδίη
1409 3444 1562 3528 μένε
1609 3451 1913 3530 τετληυῖα
1986 3480 1991 3483 -
2044 3430 2389 3505 σι’-ἄνελε.

311 3549 681 3635 νωλεμέως·
728 3550 890 3637 ἀτὰρ
938 3551 1137 3628 αὐτὸς
1181 3548 1474 3636 ἑλίσσετο
1522 3554 1690 3617 ἔνθα
1735 3551 1844 3617 καὶ
1890 3555 2073 3618 ἔνθα.

1317 3682 1435 3716 ΝΜ
1481 3644 1703 3763 ὧδ’ἶᾶἱῆ
