2650 3909
331 216 419 279 34
898 236 930 270 ο
969 218 1080 286 (15)
1125 216 1451 286 Τηλεμάχου
1490 213 1782 279 ἐπάνοδος.

422 379 687 463 ,,ἔγρεο,
733 379 1112 464 Νεστορίδη
1161 381 1621 464 Πεισίστρατε·
1668 378 1975 463 μώνυχας
2020 378 2260 453 ἵππους

331 480 556 560 ζεῦξον
603 480 722 566 ὑφ’
766 479 996 568 ἅρματ’
1042 484 1258 566 ἄγων,
1306 486 1482 568 ὄφρα
1526 485 1923 567 πρήσσωμεν
1971 482 2219 548 ὁδοῖο.“

416 588 537 652 τὸν
581 582 642 650 δ’
692 582 778 652 αὖ
823 590 1235 673 Νεστορίδης
1282 591 1757 672 Πεισίστρατος
1802 587 2033 653 ἀντίον
2079 589 2278 671 ηὔδα·

417 689 819 778 ,,Τηλε’μαχ’,
865 694 947 759 οὔ
991 713 1130 769 πως
1176 692 1357 757 ἐστιν
1403 690 1868 775 ἐπειγομένους
1911 714 2035 780 περ
2083 693 2271 758 ὁδοῖο

246 818 303 859 50
328 797 535 861 νύκτα
582 797 693 861 διὰ
741 798 1080 882 δνοφερὴν
1127 795 1359 861 ἐλάαν·
1404 796 1567 881 τάχα
1613 794 1673 860 δ’
1719 799 1978 862 ἔσσεται
2020 799 2168 880 η’ώς.

327 900 492 966 ἀλλὰ
537 898 678 984 μέν’
735 903 828 977 εἰς
872 900 909 965 ὅ
954 923 1028 964 κε
1077 901 1260 985 δῶρα
1308 898 1535 986 φέρων
1582 900 1925 987 ἐπιδίφρια
1970 906 2107 987 θήῃ

325 1007 500 1091 ἥρως
536 1001 900 1089 Ἀτρείδης,
946 1005 1402 1090 δουρικλειτὸς
1444 1004 1823 1088 Μενέλαος,

325 1107 433 1174 καὶ
478 1110 723 1193 μύθοις
767 1109 1073 1206 ἀγανοῖσι
1118 1111 1556 1196 παραυδήσας
1600 1108 1977 1197 ἀποπέμψῃ·

323 1225 445 1280 τοῦ
490 1215 616 1301 γάρ
660 1238 730 1280 τε
775 1214 988 1292 ξεῖνος
1033 1216 1474 1298 μιμνήσκεται
1519 1218 1736 1300 ἤματα
1779 1216 1991 1282 πάντα

246 1343 298 1384 55
325 1318 1149 1405 ἀνδρὸςῆξεινοδόκουῖὸς
1197 1344 1312 1386 κεν
1358 1324 1678 1406 φιλότητα
1722 1321 2083 1408 παράσχῃ.“

417 1433 506 1511 ὣς
549 1430 764 1519 ἔφατ’,
808 1435 1040 1500 αὐτίκα
1088 1430 1163 1500 δὲ
1207 1437 1669 1522 χρυσόθρονος
1712 1438 1970 1519 ἤλυθεν
2008 1432 2205 1512 Ἠώς·

327 1531 687 1624 ἀγχίμολον
734 1537 815 1604 δέ
855 1535 967 1624 σφ’
1011 1534 1179 1623 ἦλθε
1224 1542 1399 1624 βοὴν
1449 1540 1706 1623 ἀγαθὸς
1746 1540 2124 1623 Μενέλαος,

328 1643 569 1721 ἀνστὰς
614 1643 679 1722 ἐξ
728 1646 953 1728 εὐνῆς,
989 1642 1256 1728 Ἑλένης
1299 1645 1478 1731 πάρα
1523 1649 1967 1729 καλλικόμοιο.

326 1752 445 1815 τὸν
491 1748 551 1814 δ’
599 1751 686 1825 ὡς
732 1745 856 1815 οὖν
904 1749 1179 1830 ἐνόησεν
1217 1745 1578 1832 Ὀδυσσῆος
1620 1753 1815 1834 φίλος
1858 1749 2031 1832 υίός,

246 1878 301 1918 60
328 1857 771 1940 σπερχόμενός
816 1852 901 1937 ρα
945 1863 1198 1938 χιτῶνα
1243 1850 1395 1937 περὶ
1439 1855 1595 1937 χροῒ
1636 1854 2025 1934 σιγαλόεντα

330 1960 532 2024 δῦνεν
576 1956 687 2023 καὶ
730 1955 897 2041 μέγα
942 1966 1157 2043 φᾶρος
1205 1955 1310 2022 ἐπὶ
1360 1960 1694 2043 στιβαροῖς
1736 1954 1955 2041 βάλετ’
2002 1959 2204 2042 ὤμοις

247 2089 301 2128 62
327 2064 533 2149 ἥρως,
579 2066 663 2146 βῆ
711 2059 785 2128 δὲ
829 2063 1109 2147 θύραζε,
1153 2062 1638 2148 παριστάμενος
1685 2059 1758 2127 δὲ
1802 2065 2173 2149 προσηύδα·

247 2193 302 2233 64
418 2165 752 2254 ,,Ἀτρείδη
799 2166 1103 2232 Μενέλαε
1152 2167 1549 2253 Διοτρεφές,
1579 2169 1839 2254 ,ὄρχαμε
1885 2174 2096 2252 λαῶν,

247 2296 301 2339 65
326 2275 454 2358 ἤδη
500 2283 629 2339 νῦν
676 2269 741 2356 μ’
788 2272 1128 2356 ἀπόπεμπε
1173 2276 1380 2358 φίλην
1425 2271 1491 2350 ἐς
1534 2275 1818 2359 πατρίδα
1863 2287 2086 2356 γαῖαν·

327 2381 454 2464 ἤδη
500 2379 627 2465 γάρ
675 2402 788 2462 μοι
831 2380 1050 2462 θυμὸς
1096 2377 1385 2444 ἐέλδεται
1431 2376 1643 2445 οἴκαδ’
1692 2378 2016 2445 ίκέσθαι.“

414 2495 534 2559 τὸν
581 2490 639 2557 δ’
686 2490 973 2577 ἠμείβετ’
1015 2496 1236 2559 ἔπειτα
1283 2493 1453 2577 βοὴν
1498 2492 1751 2576 ἀγαθὸς
1796 2493 2169 2572 Μενέλαος·

418 2595 824 2683 ,,Τηλέμαχ’,
851 2599 933 2663 οὔ
960 2602 1032 2662 τί
1053 2595 1115 2661 σ’
1143 2601 1347 2680 ἔγωγε
1374 2601 1590 2662 πολὺν
1608 2600 1854 2683 χρόνον
1875 2597 2105 2662 ἐνθάδ’
2133 2598 2341 2684 ἐρύξω

330 2702 591 2786 ἱέμενον
637 2704 928 2766 νόστοιο·
975 2712 1391 2784 νεμεσσῶμαι
1438 2697 1512 2765 δὲ
1558 2699 1665 2764 καὶ
1713 2701 1891 2789 ἄλλω

248 2831 302 2871 ¹10
328 2806 525 2892 ἀνδρὶ
552 2804 960 2893 ξεινοδόκῳ,
1005 2805 1079 2881 ὅς
1122 2800 1181 2870 κ’
1226 2804 1416 2890 ἔξοχα
1462 2801 1584 2888 μὲν
1630 2803 1971 2890 φιλέῃσιν,

328 2910 518 2996 ἔξοχα
565 2907 624 2974 δ’
673 2907 1094 2995 ἐχθαίρῃσιν·
1142 2908 1388 2992 ἀμείνω
1437 2906 1498 2974 δ’
1544 2916 1773 2993 αἴσιμα
1817 2909 2048 2975 πάντα.

330 3013 479 3083 ἶσόν
523 3038 625 3082 τοι
669 3017 875 3080 κακόν
922 3012 1099 3097 ἐσθ’,
1146 3014 1220 3090 ὅς
1264 3010 1320 3078 τ’
1368 3014 1494 3080 οὐκ
1538 3013 1858 3082 ἐθέλοντα
1901 3015 2174 3081 νέεσθαι

327 3122 547 3200 ξεῖνον
594 3120 938 3207 ἐποτρύνει
983 3117 1093 3185 καὶ
1115 3193 1121 3197 .
1141 3119 1214 3197 ὃς
1259 3119 1629 3204 ἐσσύμενον
1674 3123 2031 3212 κατερύκει.

327 3225 432 3296 χρὴ
469 3227 656 3292 ξεῖνον
693 3221 981 3293 παρεόντα
1018 3227 1231 3293 φιλεῖν,
1271 3219 1547 3279 ἐθέλοντα
1584 3223 1648 3279 δὲ
1684 3221 1943 3294 πέμπειν.

248 3338 304 3379 75
332 3315 499 3380 ἀλλὰ
545 3311 688 3398 μέν’
734 3318 829 3391 εἰς
873 3315 910 3379 ὅ
956 3337 1029 3378 κε
1077 3315 1256 3397 δῶρα
1301 3313 1528 3402 φέρων
1574 3313 1913 3399 ἐπιδίφρια
1957 3317 2123 3379 θείω

327 3421 526 3504 καλά,
572 3422 656 3484 σὺ
703 3417 764 3483 δ’
808 3421 1258 3504 ὀφθαλμοῖσιν
1306 3423 1449 3507 ἴδῃ,
1494 3427 1655 3486 εἴπω
1705 3416 1779 3484 δὲ
1824 3419 2083 3503 γυναιξὶ

331 3527 604 3592 δεῖπνον
652 3523 751 3590 ἐνὶ
797 3525 1111 3611 μεγάροις
1154 3525 1472 3613 τετυκεῖν(
1493 3527 1638 3602 ἅλις
1671 3527 1881 3602 ,ἔνδον
1930 3525 2193 3593 ἐόντων.
