2650 3909
434 198 561 262 172
666 209 714 268 ψ
750 200 865 269 (23)
895 196 1200 261 Ὀδυσσέως
1234 198 1345 253 ὑπὸ
1383 195 1713 267 Πηνελόπης
1749 197 2183 267 ἀναγνωρισμός.

429 356 695 439 ἀνδρῶν
741 359 1137 443 μνηστήρων
1182 356 1453 442 έσορῶσ)
1501 357 1777 442 ἀίδηλον
1824 357 2091 442 ὅμιλον,

432 466 501 528 οἳ
540 462 698 528 ἕθεν
727 454 960 530 ἐἵνεκα
1003 464 1248 546 πολλά,
1292 467 1455 547 βόας
1500 462 1609 528 καὶ
1657 470 1803 547 ἴφια
1848 467 2050 546 μῆλα,

326 589 404 629 306
430 569 745 653 ἔσφαζον,
789 571 1032 645 πολλὸς
1077 565 1150 633 δὲ
1194 572 1418 633 πίθων
1462 567 1797 651 ἠφύσσετο
1843 562 2051 643 οἶνος·

430 673 636 757 αὐτὰρ
684 673 720 739 ὁ
767 675 1095 757 Διογενὴς
1132 671 1474 757 Ὀδυσεύς,
1521 674 1643 739 ὅσα
1687 670 1868 756 κήδε’
1910 675 2153 755 ἔθηκεν

431 776 814 863 ἀνθρώποις
856 779 979 843 ὅσα
1024 774 1079 843 τ’
1125 779 1321 855 αὐτὸς
1368 779 1629 857 ὀιζύσας
1674 778 1983 863 ἐμόγησε,

429 879 618 947 πάντ’
664 879 832 966 ἔλεγ’
851 902 865 917 ·
911 881 953 965 ἡ
995 878 1054 946 δ’
1100 878 1202 967 ἄρ’
1241 880 1519 967 ἐτέρπετ’
1558 879 1901 966 ἀκούουσ’,
1943 879 2109 948 οὐδέ
2139 882 2209 946 οἱ
2239 882 2445 957 ὕπνος

429 997 663 1052 πῖπτεν
710 986 814 1052 ἐπὶ
860 988 1250 1072 βλεφάροισι
1293 987 1503 1072 πάρος
1546 986 1889 1065 καταλέξαι
1935 988 2207 1052 ἅπαντα.

325 1106 405 1146 310
518 1087 723 1159 ἤρξατο
762 1086 818 1143 δ’
851 1089 925 1153 ὡς
959 1097 1180 1159 πρῶτον
1215 1091 1464 1152 Κίκονας
1500 1087 1729 1159 δάμασ’,
1768 1088 1947 1159 αὐτὰρ
1987 1087 2180 1144 ἔπειτα

430 1168 609 1242 ἦλθεν
643 1174 1005 1247 Λωτοφάγων
1041 1178 1266 1247 ἀνδρῶν
1302 1180 1530 1246 πίειραν
1567 1177 1843 1248 ἄρουραν·

432 1259 531 1331 ἠδ’
563 1263 667 1318 ὅσα
703 1265 952 1335 Κύκλωψ
991 1263 1139 1335 ἔρξε,
1178 1264 1277 1319 καὶ
1313 1265 1386 1328 ὡς
1422 1266 1722 1320 ἀπετίσατο
1758 1264 1964 1333 ποινὴν

434 1348 690 1421 ἰφθίμων
727 1347 965 1424 ἑτάρων,
1005 1351 1101 1415 οὓς
1136 1351 1341 1419 ἤσθιεν
1380 1350 1506 1408 οὐδ’
1541 1349 1815 1423 ἐλέαιρεν·

430 1436 525 1507 ἠδ’
558 1439 631 1502 ὡς
664 1438 866 1496 Αἰόλον
904 1436 1078 1509 ἵκεθ’,
1118 1439 1149 1495 ὅ
1184 1461 1280 1511 μιν
1316 1439 1587 1511 πρόφρων
1623 1439 1895 1496 ὑπέδεκτο

326 1544 406 1585 315
432 1527 530 1582 καὶ
565 1524 763 1598 πέμπ’,
799 1529 867 1584 οὐ
905 1526 971 1583 δέ
1005 1547 1093 1583 πω
1131 1526 1264 1583 αἶσα
1301 1531 1473 1598 φίλην
1511 1524 1569 1591 ές
1602 1526 1832 1599 πατρίδ’
1868 1525 2096 1583 ἱκέσθαι

431 1614 566 1684 ἤην,
604 1614 744 1670 ἀλλά
778 1636 874 1686 μιν
912 1613 1069 1680 αὖτις
1105 1615 1480 1686 ἀναρπάξασα
1515 1616 1729 1670 θύελλα

431 1701 640 1758 πόντον
677 1698 770 1758 ἐπ’
803 1701 1107 1773 ἰχθυόεντα
1144 1702 1317 1773 φέρεν
1356 1701 1534 1775 βαρέα
1572 1703 1935 1773 στενάχοντα·

431 1789 528 1860 ἠδ’
561 1792 634 1854 ὡς
674 1789 994 1861 Τηλέπυλον
1029 1792 1475 1860 Λαιστρυγονίην
1512 1792 1820 1861 ἀφίκανεν,

327 1897 404 1936 819
432 1876 487 1932 οἳ
520 1877 662 1946 νῆάς
696 1875 749 1932 τ’
782 1878 980 1933 ὄλεσαν
1017 1877 1115 1932 καὶ
1152 1873 1494 1946 ἐυκνήμιδας
1532 1873 1801 1947 ἑταίρους.

327 1985 404 2023 321
433 1964 528 2019 καὶ
565 1967 777 2035 Κίρκης
813 1963 1068 2030 κατέλεξε
1106 1963 1272 2019 δόλον
1307 1966 1734 2033 πολυμηχανίην
1768 1984 1857 2031 τε,

430 2047 527 2121 ἠδ’
560 2052 633 2114 ὡς
671 2049 749 2114 είς
778 2050 962 2106 Ἀίδεω
1001 2050 1176 2121 δόμον
1212 2050 1427 2119 ἤλυθεν
1465 2052 1772 2121 εὐρώεντα,

433 2147 587 2210 ψυχῇ
624 2138 962 2210 χρησόμενος
1002 2141 1253 2212 Θηβαίου
1297 2141 1613 2209 Τειρεσίαο,

433 2227 525 2296 νηὶ
561 2227 912 2296 πολυκλήιδι,
951 2227 1049 2282 καὶ
1084 2229 1256 2282 εἴσιδε
1291 2226 1512 2291 πάντας
1548 2222 1802 2299 ἑταίρους

328 2334 405 2373 325
433 2313 645 2386 μητέρα
680 2312 770 2384 θ’,
806 2313 843 2384 ἦ
880 2335 976 2385 μιν
1014 2311 1190 2371 ἔτικτε
1228 2316 1326 2370 καὶ
1365 2314 1562 2386 ἔτρεφε
1597 2316 1808 2371 τυτθὸν
1847 2312 2037 2372 έόντα·

432 2401 527 2472 ἠδ’
562 2404 635 2467 ὡς
670 2401 962 2473 Σειρήνων
1000 2402 1254 2488 ἆδινᾷων
1292 2402 1553 2474 φθόγγον
1591 2404 1859 2472 ἄκουσεν,
1977 2395 2008 2456 ,7
2023 2377 2230 2458 ’ἕκηλά

434 2488 508 2554 ὥς
541 2489 611 2545 θ’
644 2492 793 2546 ἵκετο
831 2491 1127 2561 Πλαγκτὰς
1152 2485 1371 2562 ’πέτρας
1407 2490 1603 2560 δεινήν
1638 2512 1699 2548 τε
1735 2492 2024 2566 Χάρυβδιν

432 2578 689 2646 Σκύλλην
724 2575 815 2645 θ’,
851 2575 924 2646 ἣν
962 2579 1028 2633 οὐ
1065 2577 1282 2633 πώποτ’
1314 2578 1540 2649 ἀκήριοι
1576 2579 1780 2650 ἄνδρες
1814 2580 2049 2646 ἄλυξαν·

432 2663 528 2733 ἠδ’
561 2665 634 2727 ὡς
663 2662 902 2720 Ἠελίοιο
940 2663 1076 2738 βόας
1111 2664 1469 2734 κατέπεφνον
1508 2661 1743 2737 ἑταῖροι·
1999 2722 2010 2734 ,

327 2770 408 2810 330
434 2749 530 2820 ἠδ’
564 2752 637 2814 ὡς
673 2758 785 2820 νῆα
820 2750 971 2820 θοὴν
1012 2751 1173 2823 ἔβαλε
1211 2752 1476 2820 ψολόεντι
1512 2755 1766 2826 κεραυνῷ
1826 2734 2086 2859 {2612qu

440 2840 577 2900 Ζεὺς
612 2836 1011 2910 ὑψιβρεμέτης,
1049 2839 1161 2894 ἀπὸ
1200 2837 1255 2893 δ’
1278 2814 1545 2909 ῖφθιθεν
1585 2835 1779 2895 ἐσθλοὶ
1817 2848 2029 2912 εταῖροι

432 2925 640 2990 πάντες
675 2924 846 2996 ὁμῶς,
885 2927 1052 2990 αὐτὸς
1088 2927 1150 2982 δὲ
1189 2926 1369 2991 κακὰς
1405 2927 1514 2982 ὑπὸ
1553 2934 1728 2998 κῆρας
1765 2927 1993 2995 ἄλυξεν·

435 3013 508 3079 ὥς
542 3013 610 3069 θ’
644 3013 783 3069 ἵκετ’
818 3013 1079 3085 Ὠγυγίην
1116 3022 1290 3083 νῆσον
1327 3015 1582 3085 Νύμφην
1618 3034 1678 3070 τε
1714 3017 1990 3084 Καλυψώ,

437 3100 472 3172 ἣ
511 3101 583 3171 δή
620 3121 718 3173 μιν
754 3101 1024 3173 κατέρυκε
1062 3100 1383 3172 λιλαιομένη
1420 3101 1587 3159 πόσιν
1626 3101 1773 3159 εἶναι

327 3208 407 3249 8³5
436 3186 499 3246 έν
535 3188 729 3245 σπέσσι
764 3194 1125 3260 γλαφυροῖσι,
1161 3189 1257 3243 καὶ
1298 3186 1534 3258 ἔτρεφεν
1569 3186 1672 3258 ἠδὲ
1712 3187 1923 3259 ἔφασκε

431 3276 636 3346 θήσειν
674 3275 972 3332 ἀθάνατον
1010 3276 1107 3330 καὶ
1143 3275 1370 3346 ἀγήρων
1407 3274 1593 3345 ἤματα
1629 3273 1842 3329 πάντα·

433 3364 574 3419 ἀλλὰ
608 3372 717 3420 τοῦ.
747 3363 813 3420 οὔ
848 3384 983 3419 ποτε
1020 3364 1209 3434 θυμὸν
1248 3359 1336 3419 ένὶ
1373 3364 1672 3431 στήθεσσιν
1712 3360 1969 3417 ἔπειθεν·

431 3449 528 3520 ἠδ’
561 3452 634 3515 ὡς
671 3447 728 3515 ές
768 3454 1020 3521 Φαίηκας
1055 3453 1291 3522 ἀφίκετο
1329 3450 1506 3507 πολλὰ
1542 3449 1813 3520 μογήσας,

434 3538 491 3594 οἳ
525 3537 599 3607 δή
634 3558 732 3608 μιν
765 3540 895 3609 περὶ
932 3545 1062 3608 κῆρι
1096 3539 1240 3594 θεὸν
1277 3537 1351 3602 ὣς
1387 3537 1688 3609 τιμήσαντο

2616 1765 2641 1950 ᾼᾼψῴᾼ
