2650 3909
689 265 718 322 ξ
757 257 872 326 (14)
899 251 1203 318 Ὀδυσσέως
1237 254 1378 326 πρὸς
1415 254 1672 324 Εὔμαιον
1709 253 1909 324 ὁμιλία.
2228 253 2316 316 23

304 413 661 502 ἐφράσαθ’,
705 415 747 499 ἢ
793 419 1060 482 πολλῶν
1106 413 1374 498 ἀνδρῶν
1419 414 1548 480 ὑπὸ
1595 411 1862 497 γούνατ’
1908 416 2100 479 ἔλυσε

304 524 385 606 δὴ
432 518 563 587 τότ’
610 517 708 605 ἔμ’
751 522 1017 613 ῆνῳγον
1062 517 1172 585 καὶ
1218 517 1589 602 ἀγακλυτὸν
1630 516 1970 603 Ἰδομενῆα
2114 462 2320 612 [W]

302 624 527 711 νήεσσ’
566 626 945 711 ἡγήσασθαι
991 625 1058 703 ἐς
1086 623 1320 691 Ἴλιον·
1369 622 1532 691 οὐδέ
1571 648 1636 689 τι
1681 633 1883 709 μῆχος

302 729 420 816 ἦεν
465 731 873 816 ἀνήνασθαι,
917 732 1164 816 χαλεπὴ
1213 728 1271 795 δ’
1319 732 1422 814 ἔχε
1472 732 1685 814 δήμου
1732 738 1956 814 φῆμις.

195 859 274 899 240
302 841 471 932 ἔνθα
514 834 636 923 μὲν
681 838 965 914 εἰνάετες
1005 838 1440 921 πολεμίζομεν
1483 828 1626 912 υἷες
1664 834 1970 920 Ἀχαιῶν,

303 953 395 1032 τῷ
444 945 692 1033 δεκάτῳ
740 939 814 1009 δὲ
858 948 1056 1009 πόλιν
1101 942 1416 1026 Πριάμου
1460 938 1816 1028 πέρσαντες
1862 944 2104 1025 ἔβημεν

300 1051 524 1116 οἴκαδε
571 1052 699 1116 σὺν
743 1052 1005 1134 νήεσσι,
1049 1050 1210 1125 θεὸς
1256 1044 1319 1112 δ’
1362 1044 2069 1132 ἐκέδασσενἈχαιούς.

300 1156 505 1241 αὐτὰρ
555 1154 700 1239 ἐμοὶ
747 1156 943 1242 δειλῷ
990 1155 1156 1219 κακὰ
1202 1155 1445 1238 μήδετο
1490 1157 1757 1237 μητίετα
1806 1154 2002 1229 Ζεύς·
2087 1232 2095 1242 .

301 1270 475 1344 μῆνα
520 1262 646 1347 γὰρ
695 1255 841 1327 οἷον
888 1263 1112 1344 ἔμεινα
1157 1261 1635 1345 τεταρπόμενος
1677 1256 1965 1323 τεκέεσσι

195 1384 276 1425 245
303 1366 611 1451 κουριδίῃ
656 1362 712 1429 τ’
756 1364 974 1453 ἀλόχῳ
1020 1362 1129 1429 καὶ
1173 1365 1525 1447 κτήμασιν·
1572 1363 1778 1449 αὐτὰρ
1826 1365 2046 1428 ἔπειτα

300 1477 644 1554 Αἴγυπτον
691 1468 771 1534 δέ
812 1491 891 1554 με
936 1471 1158 1553 θυμὸς
1202 1468 1445 1551 ἀνώγει
1489 1472 1995 1550 ναυτίλλεσθαι,

299 1584 464 1661 νῆας
509 1578 584 1641 bv
632 1579 1007 1658 στείλαντα,
1053 1576 1180 1639 σὺν
1226 1571 1563 1650 ἀντιθέοις
1608 1571 1956 1658 ἑτάροισιν.

301 1680 493 1747 ἐννέα
539 1690 702 1766 νῆας
748 1683 1000 1765 στεῖλα,
1043 1685 1226 1755 θοῶς
1270 1676 1332 1743 δ’
1376 1677 1747 1763 ἐσαγείρετο
1794 1681 1966 1755 λαός.

302 1784 543 1873 ἑξῆμαρ
590 1783 714 1870 μὲν
761 1789 981 1851 ἔπειτα
1029 1782 1174 1869 ἐμοὶ
1219 1783 1474 1870 ἐρίηρες
1519 1782 1766 1870 ἑταῖροι

194 1913 274 1954 250
301 1889 598 1957 δαίνυντ’
620 1911 633 1925 ·
682 1892 888 1978 αὐτὰρ
936 1890 1107 1975 ἐγὼν
1156 1891 1371 1977 ίερήια
1416 1891 1629 1957 πολλὰ
1672 1901 1987 1977 παρεῖχον
2495 1959 2508 1972 ,

297 2001 562 2064 θεοῖσίν
607 2020 676 2062 τε
723 1995 932 2087 ῥέζειν
980 1997 1244 2063 αὐτοῖσί
1272 2019 1343 2061 τε
1391 1998 1581 2061 δαῖτα
1624 1987 1962 2062 πένεσθαι.
2001 1971 2348 2082 (mvn-..¹
2370 1965 2643 2076 ‘'*Wstfl

302 2100 629 2188 ἑβδομάτῃ
677 2100 737 2165 δ’
785 2100 1149 2187 ἀναβάντες
1193 2102 1320 2167 ἀπὸ
1370 2104 1632 2186 Κρήτης
1677 2101 1937 2187 εὐρείης

302 2206 618 2291 ἐπλέομεν
662 2206 878 2292 Βορέῃ
924 2205 1144 2294 ἀνέμῳ
1192 2206 1421 2300 ἀκ-ραέι
1466 2212 1644 2293 καλῷ
1740 2189 1914 2302 &ffb-{k

305 2311 608 2397 ῥηιδίως,
654 2311 743 2387 ὡς
786 2318 855 2376 εῖ
890 2334 958 2375 τε
1004 2313 1168 2376 κατὰ
1213 2311 1404 2396 ῥόον·
1457 2310 1624 2375 οὐδέ
1659 2334 1760 2388 τις
1803 2306 1928 2378 οὖν
1974 2336 2088 2396 μοι

198 2438 278 2480 265
305 2427 490 2501 νηῶν
534 2416 886 2500 πημάνθη,
933 2412 1078 2480 ἀλλ’
1120 2413 1444 2498 ἀσκηθέες
1487 2413 1598 2480 καὶ
1643 2417 1920 2482 ἄνουσοι

299 2523 552 2607 ἤμεθα,
597 2520 711 2597 τὰς
756 2513 819 2584 δ’
860 2520 1102 2602 ἄνεμός
1144 2542 1213 2583 τε
1260 2522 1663 2604 κυβερνῆταί
1700 2516 1755 2584 τ’
1804 2526 2068 2587 ἴθυνον.

300 2637 649 2712 πεμπταῖοι
693 2622 761 2690 δ’
803 2630 1146 2709 Αἴγυπτον
1192 2624 1537 2712 ἐυρρείτην
1584 2627 1935 2711 ἱκόμεσθα,

299 2742 505 2817 στῆσα
552 2728 617 2796 δ’
665 2730 739 2797 ἐν
783 2734 1099 2821 Αἰγύπτῳ
1144 2733 1414 2820 ποταμῷ
1460 2730 1614 2809 νέας
1658 2732 2108 2817 ἀμφιελίσσας.
2201 2767 2225 2783 ·

304 2836 452 2905 ἔνθ’
493 2840 640 2922 ἤτοι
684 2833 805 2921 μὲν
853 2837 979 2922 ἐγὼ
1026 2840 1312 2922 κελόμην
1361 2837 1627 2922 ἐρίηρας
1672 2837 1971 2925 ἑταίρους

197 2966 277 3007 260
304 2944 511 3011 αὐτοῦ
554 2944 688 3027 πὰρ
733 2946 964 3026 νήεσσι
1009 2942 1234 3026 μένειν
1273 2941 1391 3008 καὶ
1434 2952 1599 3028 νῆας
1644 2945 1957 3029 ἔρυσθαι,

305 3050 588 3135 ὀπτῆρας
634 3044 709 3113 δὲ
753 3048 916 3114 κατὰ
963 3049 1238 3126 σκοπιὰς
1283 3050 1547 3133 ὤτρυνα
1596 3046 1894 3113 νέεσθαι·

304 3156 375 3222 οἱ
415 3151 477 3219 δ’
518 3154 708 3241 ὕβρει
754 3152 1072 3236 εἴξαντες,
1118 3152 1544 3238 ἐπισπόμενοι
1590 3150 1777 3237 μένει·
1820 3162 2002 3241 σφῷ,

304 3256 468 3336 αἶψα
512 3257 660 3344 μάλ’
713 3262 1094 3342 Αἰγυπτίων
1139 3257 1406 3344 ἀνδρῶν
1450 3258 1879 3345 περικαλλέας
1922 3259 2170 3345 ἀγροὺς

303 3368 632 3449 πόρθεον,
677 3364 749 3430 ἐκ
795 3361 870 3429 δὲ
915 3375 1232 3447 γυναῖκας
1274 3364 1444 3447 ἄγον
1487 3363 1598 3430 καὶ
1643 3367 1844 3448 νήπια
1889 3361 2117 3448 τέκνα,

198 3491 276 3533 265
305 3470 544 3547 αὐτούς
588 3493 656 3536 τε
702 3482 990 3537 κτεῖνον·
1037 3471 1199 3556 τάχα
1247 3467 1309 3536 δ’
1354 3470 1419 3547 ἐς
1461 3474 1660 3536 πόλιν
1705 3467 1862 3536 ἵκετ’
1905 3468 2088 3554 ἀυτή.

303 3576 376 3641 οί
417 3570 490 3640 δὲ
535 3580 697 3659 βοῆς
740 3575 998 3654 ἀίοντες
1041 3574 1152 3662 ἅμ’
1194 3577 1311 3660 ἠοῖ
1350 3575 1843 3662 φαινομένηφιν
