2650 3909
442 228 567 292 158
1092 249 1123 296 χ
1163 231 1275 296 (22)
1312 228 1790 297 μνηστηροφονιά.

332 411 412 450 370
437 385 706 471 κτήματ’
750 386 850 453 ἐνὶ
897 389 1240 472 μεγάροις,
1287 384 1360 451 σὲ
1408 383 1481 451 δὲ
1527 388 1754 469 νήπιοι
1799 361 2000 452 οὐδὲν
2048 346 2551 479 ἒειονὲιινῦκαωὸ

526 495 642 557 τὸν
689 489 748 556 δ’
798 492 1220 576 ἐπιμειδήσας
1262 490 1563 576 προσέφη
1608 493 1970 576 πολύμητις
2007 488 2384 568 Ὀδυσσεύς·

528 598 843 680 ,,θάρσει,
891 593 1031 661 ἐπεὶ
1077 598 1160 679 δή
1207 594 1269 661 σ’
1311 592 1506 672 οὗτος
1551 594 1828 681 ἐρύσατο
1875 592 1984 660 καὶ
2031 595 2351 679 ἐσάωσεν,

439 704 614 786 ὄφρα
661 711 837 788 γνῷς
880 702 1043 766 κατὰ
1088 704 1349 785 θυμόν,
1393 701 1556 786 ἀτὰρ
1604 706 1891 786 εἴπῃσθα
1936 699 2045 765 καὶ
2091 703 2303 790 ἄλλῳ,
2417 765 2424 768 ε

439 807 528 882 ὡς
570 811 956 891 κακοεργίης
1002 807 1341 891 εὐεργεσίη
1388 803 1530 890 μέγ’
1574 804 1882 889 ἀμείνων.

332 931 410 972 3⁷5
438 907 581 976 ἀλλ’
627 909 1007 988 ἐξελθόντες
1050 912 1356 995 μεγάρων
1403 910 1628 988 ἕζεσθε
1673 912 1918 996 θύραζε

172 1063 183 1074 .
440 1013 511 1080 ἐκ
554 1018 770 1101 φόνου
818 1019 911 1092 εἰς
955 1015 1199 1099 αὐλήν,
1244 1015 1329 1080 σύ
1374 1039 1444 1080 τε
1488 1014 1598 1080 καὶ
1644 1018 2033 1101 πολύφημος
2076 1016 2302 1093 ἀοιδός
2313 1065 2332 1099 ,

147 1087 287 1190 mst—
439 1118 593 1206 ὄφρ’
639 1121 724 1186 ἂν
771 1120 897 1204 ἐγὼ
945 1121 1107 1186 κατὰ
1156 1123 1344 1205 δῶμα
1389 1121 1992 1205 πονήσομαιὸττεό
2039 1145 2117 1205 με
2163 1124 2348 1208 χρή.“

527 1225 615 1301 ὣς
657 1226 859 1309 φάτο,
904 1225 993 1289 τὼ
1043 1221 1104 1289 δ’
1151 1224 1273 1302 ἔξω
1319 1227 1528 1309 βήτην
1573 1226 1888 1311 μεγάροιο
1934 1230 2170 1292 κιόντε.

439 1327 716 1414 ἑζέσθην
762 1328 821 1394 δ’
868 1330 995 1413 ἄρα
1042 1331 1130 1394 τω
1177 1353 1250 1412 γε
1298 1331 1465 1406 Διὸς
1510 1331 1800 1414 μεγάλου
1846 1330 1995 1397 ποτὶ
2040 1334 2267 1416 βωμὸν

332 1457 411 1496 εεο
436 1435 720 1501 πάντοσε
764 1441 1238 1521 παπταίνοντε,
1282 1438 1499 1520 φόνον
1543 1435 1990 1520 ποτιδεγμένω
2038 1440 2189 1501 αἰεί·

437 1540 773 1623 πάπτηνεν
803 1538 864 1605 δ’
892 1537 1202 1617 Ὀδυσεὺς
1236 1537 1388 1605 καθ’
1433 1538 1545 1605 ἑὸν
1574 1542 1808 1625 δόμον,
1846 1548 1914 1606 εἴ
1940 1565 2039 1618 τις
2065 1539 2152 1606 ἔτ’
2191 1541 2457 1627 ἀνδρῶν

439 1647 598 1724 ζωὸς
640 1645 1117 1711 ὑποκλοπέοιτο
1163 1644 1473 1710 ἀλύσκων
1517 1653 1684 1730 κῆρα
1729 1643 2066 1728 μέλαιναν.

435 1752 591 1827 τοὺς
638 1747 713 1815 δὲ
760 1751 903 1815 ἴδεν
948 1752 1122 1833 μάλα
1167 1750 1416 1825 πάντας
1462 1749 1535 1814 ε’ν
1581 1751 1804 1833 αἵματι
1848 1749 1958 1814 καὶ
2003 1756 2266 1836 κονίῃσι

435 1866 803 1930 πεπτεῶτας
845 1855 1166 1936 πολλούς,
1212 1854 1301 1929 ὥς
1344 1850 1401 1917 τ’
1449 1854 1717 1937 ἰχθύας,
1763 1854 1879 1929 οὕς
1923 1850 1995 1918 θ’
2042 1852 2260 1936 ἁλιῆες

331 1980 409 2020 385
436 1963 663 2024 κοῖλον
711 1958 777 2034 ἐς
822 1959 1125 2041 αἰγιαλὸν
1170 1961 1406 2039 πολιῆς
1450 1960 1725 2021 ἔκτοσθε
1770 1959 2111 2042 θαλάσσης

438 2064 682 2149 δικτύῳ
730 2060 1044 2147 ἐξέρυσαν
1088 2066 1422 2153 πολυωπῷ
1438 2081 1452 2096 ·
1500 2062 1572 2127 οἰ
1612 2062 1691 2127 δέ
1732 2086 1799 2127 τε
1845 2064 2083 2141 πάντες
2165 2075 2413 2170 mamis-¹

436 2165 680 2251 κύμαθ’
729 2166 885 2244 ἁλὸς
928 2165 1290 2243 ποθέοντες
1336 2165 1441 2231 ἐπὶ
1487 2168 1860 2251 ψαμάθοισι
1905 2168 2237 2252 κέχυνται·

436 2283 568 2338 τῶν
613 2272 735 2356 μέν
779 2269 835 2336 τ’
883 2269 1141 2349 Ἠέλιος
1185 2270 1466 2357 φαέθων
1513 2271 1791 2350 ἐξείλετο
1836 2276 2089 2357 θυμόν·

438 2381 526 2457 ὣς
569 2376 700 2444 τότ’
745 2380 873 2461 ἄρα
918 2386 1287 2462 μνηστῆρες
1333 2375 1430 2442 ἐπ’
1478 2375 1824 2460 ἀλλήλοισι
1867 2377 2158 2463 κέχυντο.

330 2506 410 2546 390
437 2487 520 2569 δὴ
566 2487 711 2549 τότε
766 2481 1146 2568 Τηλέμαχον
1192 2483 1491 2566 προσέφη
1536 2485 1900 2567 πολύμητις
1938 2479 2311 2560 Ὀδυσσεύς·

526 2639 570 2673 ,,
581 2584 936 2673 Τηλέμαχ’,
963 2590 1026 2652 εί
1052 2585 1112 2652 δ’
1148 2590 1266 2670 ἄγε
1296 2611 1411 2670 μοι
1437 2587 1720 2654 κάλεσον
1748 2591 2000 2674 τροφὸν
2024 2589 2451 2674 Εὐρύκλειαν,

436 2698 611 2778 ὄφρα
657 2696 812 2768 ἔπος
857 2698 1126 2774 εἴπωμι,
1172 2693 1249 2756 τό
1294 2715 1408 2774 μοι
1454 2694 1871 2775 καταθύμιόν
1918 2692 2159 2758 ἐστιν.“

525 2798 613 2873 ὣς
657 2798 864 2880 φάτο,
918 2793 1293 2879 Τηλέμαχος
1339 2792 1414 2859 δὲ
1459 2798 1635 2883 φίλῳ
1683 2795 2063 2862 ἐπεπείθετο
2108 2803 2334 2884 πατρί,

104 2910 301 2979 hum
435 2905 707 2992 xmggffdocg
753 2898 828 2967 δὲ
871 2902 1097 2986 θύρην
1138 2898 1438 2986 προσέφη
1483 2903 1739 2985 τροφὸν
1783 2902 2226 2988 Εὐρύκλειαν·

330 3030 411 3071 395
529 3011 772 3093 ,,δεῦρο
822 3007 903 3091 δὴ
952 3009 1147 3091 όρσό,
1191 3005 1364 3092 γρηῢ
1408 3005 1830 3090 παλαιγενές,
1874 3007 1917 3090 ἥ
1962 3032 2030 3073 τε
2077 3001 2412 3090 γυναικῶν

437 3115 724 3203 δμωάων
770 3115 1012 3189 σκοπός
1059 3112 1201 3177 ἐσσι
1247 3112 1411 3175 κατὰ
1457 3109 1687 3196 μέγαρ’
1728 3112 2133 3197 ἡμετεράων·

436 3222 648 3304 ἔρχεο·
695 3220 1032 3301 κικλήσκει
1079 3233 1149 3281 σε
1196 3216 1408 3300 πατὴρ
1457 3215 1638 3300 ἐμός,
1685 3216 1860 3301 ὄφρά
1902 3239 1965 3281 τι
2010 3217 2223 3301 εἶπῃ.“

525 3323 613 3401 ὣς
655 3321 758 3408 ἄρ’
805 3321 1182 3407 ἐφώνησεν,
1228 3330 1305 3406 τῇ
1355 3319 1413 3385 δ’
1461 3323 1739 3406 ἄπτερος
1784 3324 2012 3386 ἔπλετο
2059 3327 2295 3404 μῦθος,

438 3426 628 3505 ὤιξεν
675 3424 750 3493 δὲ
793 3429 1011 3511 θύρας
1054 3427 1360 3512 μεγάρων
1406 3427 1955 3509 εὐναιεταόντων,

329 3552 411 3592 400
435 3534 520 3614 βῆ
568 3529 630 3595 δ’
675 3538 848 3615 ἴμεν·
895 3533 1100 3616 αὐτὰρ
1157 3529 1531 3616 Τηλέμαχος
1575 3527 1819 3616 πρόσθ’
1862 3531 2279 3616 ἡγεμόνευεν.
