2650 3909
687 256 715 320 ξ
748 259 864 325 (14)
896 252 1199 317 Ὀδυσσέως
1233 254 1376 324 πρὸς
1412 254 1667 325 Εὔμαιον
1704 253 1907 324 ὁμιλία,
2223 250 2306 313 27

192 435 269 475 360
386 416 503 479 τὸν
551 411 612 478 δ’
655 413 1178 498 ἀπαμειβόμενος
1219 411 1587 499 προσέφης,
1630 414 1884 497 Εὔμαιε
1932 416 2221 496 συβῶτα·

387 513 472 601 ,,ἀ
519 515 695 584 δειλὲ
740 517 1008 602 ξείνων,
1053 514 1094 602 ἧ
1141 543 1253 603 μοι
1300 519 1475 603 μάλα
1519 521 1743 602 θυμὸν
1790 521 2019 602 ὄρινας

295 634 498 689 ταῦτα
544 623 781 689 ἕκαστα
827 622 1073 707 λέγων,
1119 625 1242 690 ὅσα
1287 626 1370 709 δὴ
1411 624 1625 700 πάθες
1667 620 1774 706 ἠδ’
1821 620 1920 687 ὅσ’
1969 621 2240 705 ἀλήθης.

297 728 463 794 ἀλλὰ
507 730 585 794 τά
630 728 690 813 γ’
737 730 820 796 οὐ
865 731 1028 794 κατὰ
1072 732 1324 813 κόσμον
1371 729 1625 813 ὀίομαι,
1671 727 1837 794 οὐδέ
1876 750 1954 812 με
2000 730 2244 801 πείσεις

296 836 499 900 εἰπὼν
546 833 710 918 ἀμφ’
751 834 1037 918 Ὀδυσῆι.
1129 839 1197 900 τί
1236 851 1308 900 σε
1356 836 1484 921 χρὴ
1531 846 1716 900 τοῖον
1763 833 1956 899 έόντα

191 961 268 1001 365
296 940 623 1023 μαψιδίως
666 941 1066 1019 ψεύδεσθαι;
1116 940 1242 1023 ἐγὼ
1291 937 1353 1004 δ’
1395 935 1471 1005 εὖ
1519 935 1670 1005 οἶδα
1714 937 1824 1004 καὶ
1871 938 2068 1014 αὐτὸς

294 1046 535 1111 νόστον
580 1043 764 1127 ἐμοῖο
811 1045 1119 1128 ἄνακτος,
1166 1044 1202 1108 ὅ
1249 1042 1303 1108 τ’
1350 1046 1595 1128 ἤχθετο
1641 1051 1799 1107 πᾶσι
1845 1049 2066 1108 θεοῖσι

297 1151 513 1234 πάγχυ
559 1148 742 1234 μάλ’,
788 1150 933 1215 ὅττί
972 1173 1086 1232 μιν
1134 1150 1217 1214 οὔ
1263 1173 1327 1214 τι
1373 1151 1534 1233 μετὰ
1589 1149 1883 1234 Τρώεσσι
1932 1148 2276 1231 δάμασσαν

189 1279 268 1317 368
295 1253 370 1339 ἠὲ
416 1259 634 1341 φίλων
679 1254 752 1320 ἐν
798 1257 1059 1339 χερσίν,
1106 1253 1247 1319 ἐπεὶ
1292 1258 1583 1339 πόλεμον
1629 1250 2323 1326 τολύπευσεωτωκῧ
2345 1277 2454 1353 “4
2477 1239 2640 1317 ὢν

189 1381 266 1420 3⁷1
295 1371 424 1426 νῦν
471 1359 551 1425 δέ
591 1385 708 1444 μιν
752 1358 1026 1434 ἀκλειῶς
1052 1357 1368 1443 ’Ἅρπυιαι
1415 1337 2174 1444 ἀνηρείψαῖἷο.μαῖ1ιώ
2204 1378 2346 1448 “⁰⁸⁴1
2488 1339 2542 1425 ‘Z

295 1465 502 1550 αὐτὰρ
551 1464 678 1547 ἐγὼ
725 1462 879 1550 παρ’
923 1463 1155 1529 ὕεσσιν
1199 1448 1807 1548 ἀπότροποςῖ-ὀύδὲ
1852 1466 2048 1528 πόλιν
2096 1422 2407 1527 δὲαμῄωό

295 1573 602 1655 ἔρχομαι,
648 1571 713 1634 εἰ
755 1572 844 1653 μή
889 1591 1022 1637 που
1066 1593 1130 1635 τι
1175 1576 1519 1656 περίφρων
1564 1571 1980 1653 Πηνελόπεια

295 1673 575 1759 ἐλθέμεν
624 1675 1016 1762 ὀτρύνῃσιν,
1064 1672 1157 1743 ὅτ’
1204 1675 1475 1759 ἀγγελίη
1522 1671 1736 1740 ποθὲν
1783 1677 1991 1740 ἔλθοι.

189 1801 267 1842 375
295 1779 441 1862 ἀλλ’,
487 1782 559 1846 oc
598 1777 719 1865 μὲν
764 1783 845 1846 τὰ
892 1782 1127 1849 ἕκαστα
1173 1783 1541 1867 παρήμενοι
1588 1779 1990 1866 ἐξερέουσιν,

292 1882 456 1969 ἠμὲν
503 1890 574 1952 οἳ
613 1889 930 1972 ἄχνυνται
977 1889 1103 1972 δὴν
1150 1886 1525 1971 οἰχομένοιο
1572 1886 1850 1961 ἄνακτος
1977 1907 1978 1910 ’

293 1990 399 2075 ἠδ’
443 1996 513 2057 οἳ
553 1997 901 2078 χαίρουσιν
948 1997 1177 2078 βίοτον
1224 1994 1549 2076 νήποινον
1597 1991 1881 2068 ἔδοντες·
1989 2030 1993 2034 -

295 2094 438 2162 ἀλλ’
481 2096 626 2181 ἐμοὶ
673 2099 754 2163 οὐ
802 2102 1004 2183 φίλον
1052 2097 1187 2164 ε’στὶ
1233 2103 1633 2182 μεταλλῆσαι
1679 2094 1788 2162 καὶ
1836 2098 2140 2181 ἔρεσθαι,

295 2202 360 2280 ἐξ
409 2197 490 2267 οὗ
538 2204 620 2286 δή
668 2200 735 2286 μ’
777 2207 1080 2281 Αἰτωλὸς
1125 2203 1293 2286 ἀνὴρ
1343 2202 1629 2287 ἐξήπαφε
1675 2204 1904 2291 μύθῳ,

188 2328 268 2368 880
295 2308 368 2384 ὅς
416 2304 477 2392 ῤ’
520 2308 735 2392 ἄνδρα
780 2312 1069 2390 κτείνας,
1113 2308 1367 2389 πολλὴν
1414 2306 1519 2371 ἐπὶ
1566 2318 1762 2390 γαῖαν
1808 2306 2104 2389 ἀληθείς,
2411 2335 2418 2350 ÷

292 2408 505 2496 ’ἦλθεν
551 2410 672 2495 ἐμὰ
718 2414 882 2497 πρὸς
929 2409 1203 2495 δώματ’·
1253 2410 1383 2494 ἐγὼ
1432 2410 1513 2475 δέ
1552 2434 1668 2494 μιν
1715 2353 2500 2520 ἀμφαγάπαζονῆᾚξοω
2517 2409 2588 2518 ζ»,

295 2526 387 2602 φῆ
435 2516 516 2582 δέ
556 2541 672 2601 μιν
719 2516 793 2583 ἐν
840 2520 1171 2602 Κρήτεσσι
1216 2514 1369 2602 παρ’
1420 2514 1740 2599 Ἰδομενῆι
1788 2513 2051 2579 ἰδέσθαι

295 2631 457 2706 νῆας
501 2619 921 2705 ἀκειόμενον,
965 2621 1081 2698 τάς
1124 2622 1196 2687 οἰ
1237 2618 1557 2699 ξυνέαξαν
1602 2621 1854 2685 ἄελλαι·
1956 2604 2341 2708 ,Ὀωικῦννκκῆ

293 2725 403 2792 καὶ
446 2694 1031 2812 φάτ’κέλεύσεσθαι
1077 2727 1119 2811 ἢ
1165 2727 1232 2804 ές
1273 2725 1477 2813 θέρος
1521 2725 1563 2809 ἢ
1610 2725 1676 2803 ἐς
1720 2725 2018 2810 ὀπώρην,

187 2856 267 2894 385
294 2834 504 2899 πολλὰ
549 2830 823 2918 χρήματ’
864 2834 1145 2917 ἄγοντα,
1192 2836 1318 2899 σὺν
1364 2829 1699 2908 ἀντιθέοις
1745 2829 2051 2915 ἑτάροισι.

294 2936 404 3003 καὶ
451 2938 557 3021 σύ,
602 2936 801 3023 γέρον
846 2938 1285 3022 πολυπενθές,
1332 2937 1478 3003 ἐπεί
1519 2936 1597 3001 σε’
1633 2960 1747 3021 μοι
1792 2939 1996 3020 ἤγαγε
2034 2939 2313 3021 δαίμων,

295 3041 460 3126 μήτέ
500 3046 571 3108 τί
608 3067 721 3126 μοι
766 3044 1085 3119 ψεύδεσσι
1130 3047 1390 3133 χαρίζεο
1436 3041 1603 3126 μήτέ
1642 3066 1703 3106 τι
1746 3041 1974 3124 θέλγε·
2099 3064 2244 3107 ων(
2291 3055 2460 3118 ξω

296 3148 378 3214 οὐ
425 3149 550 3234 γὰρ
596 3145 858 3213 τοῦνεκ’
902 3146 1028 3229 ἐγώ
1077 3146 1138 3212 σ’
1181 3147 1570 3231 αἰδέσσομαι
1617 3143 1777 3212 οὐδὲ
1823 3148 2115 3231 φιλήσω,

299 3253 466 3319 ἀλλὰ
512 3258 649 3318 Δία
696 3251 915 3331 ξένιον
963 3253 1186 3329 δείσας
1231 3253 1434 3338 αὐτόν
1479 3247 1537 3315 τ’
1582 3251 1958 3338 ἐλεαίρων.“
2145 3241 2260 3318 (se)

186 3381 268 3421 390
383 3361 501 3424 τὸν
541 3358 597 3423 δ’
648 3357 1171 3443 ἀπαμειβόμενος
1204 3358 1505 3444 προσέφη
1543 3358 1906 3442 πολύμητις
1935 3357 2311 3438 Ὀδυσσεύς·
2429 3445 2436 3452 q

388 3461 472 3547 „2³2
521 3465 694 3548 μάλα
739 3489 847 3561 Q
883 3488 986 3530 τοι
1031 3467 1249 3549 θυμὸς
1295 3463 1397 3530 ἐνὶ
1444 3466 1803 3548 στήθεσσιν
1849 3466 2145 3550 ἄπιστος,
2277 3447 2442 3552 ζ-ΓΓΓ,

301 3560 449 3633 οἶόν
497 3567 556 3632 σ’
604 3568 750 3633 οὐδ’
795 3570 1039 3653 ὀμόσας
1082 3592 1204 3655 περ
1253 3570 1587 3655 ἐπήγαγον
1635 3570 1798 3637 οὐδέ
1840 3589 1910 3638 σε
1956 3578 2188 3637 πείθω.
