<?xml version="1.0" encoding="UTF-8"?>
<!DOCTYPE html PUBLIC "-//W3C//DTD XHTML 1.0 Transitional//EN"
    "http://www.w3.org/TR/xhtml1/DTD/xhtml1-transitional.dtd">
<html xmlns="http://www.w3.org/1999/xhtml" xml:lang="en" lang="en">
 <head>
  <title>
</title>
<meta http-equiv="Content-Type" content="text/html;charset=utf-8" />
  <meta name='ocr-system' content='tesseract 3.04.00' />
  <meta name='ocr-capabilities' content='ocr_page ocr_carea ocr_par ocr_line ocrx_word'/>
</head>
<body>
  <div class='ocr_page' id='page_1' title='image "./odyssea00unkngoog_0079.png"; bbox 0 0 2650 3909; ppageno 0'>
   <div class='ocr_carea' id='block_1_1' title="bbox 48 3638 53 3697">
    <p class='ocr_par' dir='ltr' id='par_1_1' title="bbox 48 3638 53 3697">
     <span class='ocr_line' id='line_1_1' title="bbox 48 3638 53 3697; baseline 0 0"><span class='ocrx_word' id='word_1_1' title='bbox 48 3638 53 3697; x_wconf 50' lang='lat' dir='ltr'><em>W</em></span> 
     </span>
    </p>
   </div>
   <div class='ocr_carea' id='block_1_2' title="bbox 774 242 2287 395">
    <p class='ocr_par' dir='ltr' id='par_1_2' title="bbox 774 242 2287 395">
     <span class='ocr_line' id='line_1_2' title="bbox 774 242 2287 395; baseline 0.004 -95"><span class='ocrx_word' id='word_1_2' title='bbox 774 265 817 300; x_wconf 87' lang='grc' dir='ltr'><strong><em>π</em></strong></span> <span class='ocrx_word' id='word_1_3' title='bbox 854 249 966 316; x_wconf 89' lang='grc'>(16)</span> <span class='ocrx_word' id='word_1_4' title='bbox 1005 246 1186 315; x_wconf 81' lang='grc' dir='ltr'><strong><em>ἀναγν</em></strong></span> <span class='ocrx_word' id='word_1_5' title='bbox 1188 246 1425 317; x_wconf 81' lang='grc' dir='ltr'><strong><em>ωρισμὸς</em></strong></span> <span class='ocrx_word' id='word_1_6' title='bbox 1455 242 1772 310; x_wconf 80' lang='grc' dir='ltr'><strong><em>Ὀδυσσέως.</em></strong></span> <span class='ocrx_word' id='word_1_7' title='bbox 1636 297 1937 395; x_wconf 33' lang='grc' dir='ltr'><strong><em>Μὴ</em></strong></span> <span class='ocrx_word' id='word_1_8' title='bbox 1995 284 2068 358; x_wconf 41' lang='grc' dir='ltr'><strong><em>αῖ</em></strong></span> <span class='ocrx_word' id='word_1_9' title='bbox 2200 248 2287 312; x_wconf 82' lang='grc'><strong><em>63</em></strong></span> 
     </span>
    </p>
   </div>
   <div class='ocr_carea' id='block_1_3' title="bbox 160 404 2380 3646">
    <p class='ocr_par' dir='ltr' id='par_1_3' title="bbox 271 404 2252 704">
     <span class='ocr_line' id='line_1_3' title="bbox 271 404 2158 493; baseline 0.002 -23"><span class='ocrx_word' id='word_1_10' title='bbox 271 404 546 490; x_wconf 81' lang='grc' dir='ltr'><strong><em>γήμαιθ’</em></strong></span> <span class='ocrx_word' id='word_1_11' title='bbox 595 406 667 483; x_wconf 83' lang='grc' dir='ltr'><strong><em>ὅς</em></strong></span> <span class='ocrx_word' id='word_1_12' title='bbox 710 430 782 472; x_wconf 87' lang='grc' dir='ltr'><strong><em>κε</em></strong></span> <span class='ocrx_word' id='word_1_13' title='bbox 828 412 1099 472; x_wconf 77' lang='grc' dir='ltr'><strong><em>πλεῖστα</em></strong></span> <span class='ocrx_word' id='word_1_14' title='bbox 1143 409 1341 491; x_wconf 98' lang='grc' dir='ltr'><strong><em>πόροι</em></strong></span> <span class='ocrx_word' id='word_1_15' title='bbox 1386 404 1494 472; x_wconf 90' lang='grc' dir='ltr'><strong><em>καὶ</em></strong></span> <span class='ocrx_word' id='word_1_16' title='bbox 1541 410 1862 493; x_wconf 62' lang='grc' dir='ltr'><strong><em>μόρσιμος</em></strong></span> <span class='ocrx_word' id='word_1_17' title='bbox 1906 409 2112 473; x_wconf 80' lang='grc' dir='ltr'><strong><em>ἔλθοι.</em></strong></span> <span class='ocrx_word' id='word_1_18' title='bbox 2115 407 2158 443; x_wconf 83' lang='grc'><strong>“</strong></span> 
     </span>
     <span class='ocr_line' id='line_1_4' title="bbox 362 496 2252 599; baseline 0.001 -24"><span class='ocrx_word' id='word_1_19' title='bbox 362 511 450 588; x_wconf 80' lang='grc' dir='ltr'><strong><em>ὣς</em></strong></span> <span class='ocrx_word' id='word_1_20' title='bbox 494 496 726 596; x_wconf 59' lang='grc' dir='ltr'><strong><em>ἔφαθ’,</em></strong></span> <span class='ocrx_word' id='word_1_21' title='bbox 773 513 842 577; x_wconf 85' lang='lat' dir='ltr'><strong><em>oc</em></strong></span> <span class='ocrx_word' id='word_1_22' title='bbox 884 509 946 576; x_wconf 89' lang='grc' dir='ltr'><strong><em>δ’</em></strong></span> <span class='ocrx_word' id='word_1_23' title='bbox 993 514 1120 599; x_wconf 76' lang='grc' dir='ltr'><strong><em>ἄρα</em></strong></span> <span class='ocrx_word' id='word_1_24' title='bbox 1165 513 1406 589; x_wconf 89' lang='grc' dir='ltr'><strong><em>πάντες</em></strong></span> <span class='ocrx_word' id='word_1_25' title='bbox 1452 511 1620 595; x_wconf 82' lang='grc' dir='ltr'><strong><em>ἀκὴν</em></strong></span> <span class='ocrx_word' id='word_1_26' title='bbox 1666 511 1974 595; x_wconf 88' lang='grc' dir='ltr'><strong><em>ἐγένοντο</em></strong></span> <span class='ocrx_word' id='word_1_27' title='bbox 2022 521 2252 596; x_wconf 77' lang='grc' dir='ltr'><strong><em>σιωπῇ.</em></strong></span> 
     </span>
     <span class='ocr_line' id='line_1_5' title="bbox 272 612 1981 704; baseline 0 -23"><span class='ocrx_word' id='word_1_28' title='bbox 272 627 487 681; x_wconf 77' lang='grc' dir='ltr'><strong><em>τοῖσιν</em></strong></span> <span class='ocrx_word' id='word_1_29' title='bbox 533 612 594 680; x_wconf 85' lang='grc' dir='ltr'><strong><em>δ’</em></strong></span> <span class='ocrx_word' id='word_1_30' title='bbox 633 613 1038 702; x_wconf 78' lang='grc' dir='ltr'><strong><em>Ἀμφίνομος</em></strong></span> <span class='ocrx_word' id='word_1_31' title='bbox 1084 616 1454 704; x_wconf 79' lang='grc' dir='ltr'><strong><em>ἀγορήσατο</em></strong></span> <span class='ocrx_word' id='word_1_32' title='bbox 1500 615 1611 682; x_wconf 85' lang='grc' dir='ltr'><strong><em>καὶ</em></strong></span> <span class='ocrx_word' id='word_1_33' title='bbox 1656 615 1981 701; x_wconf 86' lang='grc' dir='ltr'><strong><em>μετέειπε,</em></strong></span> 
     </span>
    </p>

    <p class='ocr_par' dir='ltr' id='par_1_4' title="bbox 162 718 1977 1123">
     <span class='ocr_line' id='line_1_6' title="bbox 162 718 1866 808; baseline -0.001 -19"><span class='ocrx_word' id='word_1_34' title='bbox 162 748 245 789; x_wconf 79' lang='lat'><strong><em>395</em></strong></span> <span class='ocrx_word' id='word_1_35' title='bbox 272 724 495 787; x_wconf 82' lang='grc' dir='ltr'><strong><em>Νίσου</em></strong></span> <span class='ocrx_word' id='word_1_36' title='bbox 542 724 857 805; x_wconf 78' lang='grc' dir='ltr'><strong><em>φαίδιμος</em></strong></span> <span class='ocrx_word' id='word_1_37' title='bbox 901 723 1077 805; x_wconf 75' lang='grc' dir='ltr'><strong><em>υἱός,</em></strong></span> <span class='ocrx_word' id='word_1_38' title='bbox 1121 718 1509 808; x_wconf 78' lang='grc' dir='ltr'><strong><em>Ἀρητιάδαο</em></strong></span> <span class='ocrx_word' id='word_1_39' title='bbox 1557 724 1866 804; x_wconf 75' lang='grc' dir='ltr'><strong><em>ἄνακτος,</em></strong></span> 
     </span>
     <span class='ocr_line' id='line_1_7' title="bbox 273 823 1872 913; baseline 0.001 -22"><span class='ocrx_word' id='word_1_40' title='bbox 273 827 347 904; x_wconf 85' lang='grc' dir='ltr'><strong><em>ὅς</em></strong></span> <span class='ocrx_word' id='word_1_41' title='bbox 391 823 454 912; x_wconf 77' lang='grc' dir='ltr'><strong><em>ῥ’</em></strong></span> <span class='ocrx_word' id='word_1_42' title='bbox 498 825 570 892; x_wconf 89' lang='grc' dir='ltr'><strong><em>ἐκ</em></strong></span> <span class='ocrx_word' id='word_1_43' title='bbox 615 830 983 912; x_wconf 82' lang='grc' dir='ltr'><strong><em>Δουλιχίου</em></strong></span> <span class='ocrx_word' id='word_1_44' title='bbox 1029 828 1455 913; x_wconf 81' lang='grc' dir='ltr'><strong><em>πολυπύρου,</em></strong></span> <span class='ocrx_word' id='word_1_45' title='bbox 1498 829 1872 910; x_wconf 84' lang='grc' dir='ltr'><strong><em>ποιήεντος,</em></strong></span> 
     </span>
     <span class='ocr_line' id='line_1_8' title="bbox 271 930 1855 1019; baseline 0 -23"><span class='ocrx_word' id='word_1_46' title='bbox 271 932 491 1014; x_wconf 72' lang='grc' dir='ltr'><strong><em>ἡγεῖτο</em></strong></span> <span class='ocrx_word' id='word_1_47' title='bbox 539 941 939 1019; x_wconf 82' lang='grc' dir='ltr'><strong><em>μνηστῆρσι,</em></strong></span> <span class='ocrx_word' id='word_1_48' title='bbox 986 933 1266 1017; x_wconf 88' lang='grc' dir='ltr'><strong><em>μάλιστα</em></strong></span> <span class='ocrx_word' id='word_1_49' title='bbox 1313 930 1389 997; x_wconf 72' lang='grc' dir='ltr'><strong><em>δὲ</em></strong></span> <span class='ocrx_word' id='word_1_50' title='bbox 1434 934 1855 1018; x_wconf 82' lang='grc' dir='ltr'><strong><em>Πηνελοπείῃ</em></strong></span> 
     </span>
     <span class='ocr_line' id='line_1_9' title="bbox 270 1034 1977 1123; baseline -0.001 -22"><span class='ocrx_word' id='word_1_51' title='bbox 270 1038 519 1120; x_wconf 79' lang='grc' dir='ltr'><strong><em>ἥνδανε</em></strong></span> <span class='ocrx_word' id='word_1_52' title='bbox 565 1039 868 1121; x_wconf 88' lang='grc' dir='ltr'><strong><em>μύθοισι·</em></strong></span> <span class='ocrx_word' id='word_1_53' title='bbox 915 1035 1111 1123; x_wconf 85' lang='grc' dir='ltr'><strong><em>φρεσὶ</em></strong></span> <span class='ocrx_word' id='word_1_54' title='bbox 1154 1039 1281 1122; x_wconf 80' lang='grc' dir='ltr'><strong><em>γὰρ</em></strong></span> <span class='ocrx_word' id='word_1_55' title='bbox 1326 1034 1580 1123; x_wconf 83' lang='grc' dir='ltr'><strong><em>κέχρητ’</em></strong></span> <span class='ocrx_word' id='word_1_56' title='bbox 1626 1037 1977 1122; x_wconf 78' lang='grc' dir='ltr'><strong><em>ἀγαθῇσιν.</em></strong></span> 
     </span>
    </p>

    <p class='ocr_par' dir='ltr' id='par_1_5' title="bbox 272 1141 1930 1229">
     <span class='ocr_line' id='line_1_10' title="bbox 272 1141 1930 1229; baseline 0.001 -22"><span class='ocrx_word' id='word_1_57' title='bbox 272 1143 310 1207; x_wconf 86' lang='grc' dir='ltr'>ὅ</span> <span class='ocrx_word' id='word_1_58' title='bbox 357 1160 519 1227; x_wconf 91' lang='grc' dir='ltr'><strong><em>σφιν</em></strong></span> <span class='ocrx_word' id='word_1_59' title='bbox 565 1141 950 1229; x_wconf 78' lang='grc' dir='ltr'><strong><em>ἐυφρονέων</em></strong></span> <span class='ocrx_word' id='word_1_60' title='bbox 996 1142 1370 1229; x_wconf 79' lang='grc' dir='ltr'><strong><em>ἀγορήσατο</em></strong></span> <span class='ocrx_word' id='word_1_61' title='bbox 1414 1141 1527 1208; x_wconf 85' lang='grc' dir='ltr'><strong><em>καὶ</em></strong></span> <span class='ocrx_word' id='word_1_62' title='bbox 1570 1142 1930 1227; x_wconf 82' lang='grc' dir='ltr'><strong><em>μετέειπεν·</em></strong></span> 
     </span>
    </p>

    <p class='ocr_par' dir='ltr' id='par_1_6' title="bbox 160 1244 2217 1744">
     <span class='ocr_line' id='line_1_11' title="bbox 160 1244 2110 1343; baseline -0.003 -28"><span class='ocrx_word' id='word_1_63' title='bbox 160 1274 244 1315; x_wconf 78' lang='lat'><strong><em>400</em></strong></span> <span class='ocrx_word' id='word_1_64' title='bbox 361 1244 459 1331; x_wconf 83' lang='grc' dir='ltr'><strong><em>,,ὦ</em></strong></span> <span class='ocrx_word' id='word_1_65' title='bbox 506 1251 723 1332; x_wconf 93' lang='grc' dir='ltr'><strong><em>φίλοι,</em></strong></span> <span class='ocrx_word' id='word_1_66' title='bbox 772 1249 894 1314; x_wconf 85' lang='grc' dir='ltr'><strong><em>οὐκ</em></strong></span> <span class='ocrx_word' id='word_1_67' title='bbox 939 1247 1022 1313; x_wconf 77' lang='grc' dir='ltr'><strong><em>ἂν</em></strong></span> <span class='ocrx_word' id='word_1_68' title='bbox 1070 1251 1273 1331; x_wconf 88' lang='grc' dir='ltr'><strong><em>ἔγωγε</em></strong></span> <span class='ocrx_word' id='word_1_69' title='bbox 1320 1252 1767 1343; x_wconf 81' lang='grc' dir='ltr'><strong><em>κατακτείνειν</em></strong></span> <span class='ocrx_word' id='word_1_70' title='bbox 1813 1246 2110 1331; x_wconf 79' lang='grc' dir='ltr'><strong><em>ἐθέλοιμι</em></strong></span> 
     </span>
     <span class='ocr_line' id='line_1_12' title="bbox 280 1350 1892 1438; baseline 0 -21"><span class='ocrx_word' id='word_1_71' title='bbox 280 1351 687 1438; x_wconf 86' lang='grc' dir='ltr'><strong><em>Τηλέμαχον·</em></strong></span> <span class='ocrx_word' id='word_1_72' title='bbox 735 1355 960 1419; x_wconf 88' lang='grc' dir='ltr'><strong><em>δεινὸν</em></strong></span> <span class='ocrx_word' id='word_1_73' title='bbox 1007 1350 1082 1417; x_wconf 73' lang='grc' dir='ltr'><strong><em>δὲ</em></strong></span> <span class='ocrx_word' id='word_1_74' title='bbox 1125 1352 1316 1436; x_wconf 89' lang='grc' dir='ltr'><strong><em>γένος</em></strong></span> <span class='ocrx_word' id='word_1_75' title='bbox 1362 1356 1709 1437; x_wconf 87' lang='grc' dir='ltr'><strong><em>βασιλήιόν</em></strong></span> <span class='ocrx_word' id='word_1_76' title='bbox 1756 1352 1892 1417; x_wconf 87' lang='grc' dir='ltr'><strong><em>ἐστι</em></strong></span> 
     </span>
     <span class='ocr_line' id='line_1_13' title="bbox 268 1456 1977 1542; baseline -0.002 -19"><span class='ocrx_word' id='word_1_77' title='bbox 268 1461 577 1523; x_wconf 64' lang='grc' dir='ltr'><strong><em>κτείνειν</em></strong></span> <span class='ocrx_word' id='word_1_78' title='bbox 623 1457 790 1523; x_wconf 84' lang='grc' dir='ltr'><strong><em>ἀλλὰ</em></strong></span> <span class='ocrx_word' id='word_1_79' title='bbox 835 1468 1060 1542; x_wconf 81' lang='grc' dir='ltr'><strong><em>πρῶτα</em></strong></span> <span class='ocrx_word' id='word_1_80' title='bbox 1105 1464 1287 1523; x_wconf 81' lang='grc' dir='ltr'><strong><em>θεῶν</em></strong></span> <span class='ocrx_word' id='word_1_81' title='bbox 1335 1459 1669 1541; x_wconf 80' lang='grc' dir='ltr'><strong><em>εἰρώμεθα</em></strong></span> <span class='ocrx_word' id='word_1_82' title='bbox 1713 1456 1977 1540; x_wconf 86' lang='grc' dir='ltr'><strong><em>βουλάς.</em></strong></span> 
     </span>
     <span class='ocr_line' id='line_1_14' title="bbox 270 1556 2217 1647; baseline -0.001 -20"><span class='ocrx_word' id='word_1_83' title='bbox 270 1564 335 1627; x_wconf 88' lang='grc' dir='ltr'><strong><em>εί</em></strong></span> <span class='ocrx_word' id='word_1_84' title='bbox 376 1560 497 1647; x_wconf 93' lang='grc' dir='ltr'><strong><em>μέν</em></strong></span> <span class='ocrx_word' id='word_1_85' title='bbox 542 1560 601 1628; x_wconf 89' lang='grc' dir='ltr'><strong><em>κ’</em></strong></span> <span class='ocrx_word' id='word_1_86' title='bbox 647 1564 969 1645; x_wconf 80' lang='grc' dir='ltr'><strong><em>αἰνήσωσι</em></strong></span> <span class='ocrx_word' id='word_1_87' title='bbox 1014 1565 1181 1640; x_wconf 90' lang='grc' dir='ltr'><strong><em>Διὸς</em></strong></span> <span class='ocrx_word' id='word_1_88' title='bbox 1225 1563 1538 1646; x_wconf 78' lang='grc' dir='ltr'><strong><em>μεγάλοιο</em></strong></span> <span class='ocrx_word' id='word_1_89' title='bbox 1584 1560 1921 1646; x_wconf 47' lang='grc' dir='ltr'><strong><em>θέμιστες,</em></strong></span> <span class='ocrx_word' id='word_1_90' title='bbox 1990 1556 2217 1626; x_wconf 62' lang='lat' dir='ltr'><strong><em>mad-m</em></strong></span> 
     </span>
     <span class='ocr_line' id='line_1_15' title="bbox 270 1664 2045 1744; baseline -0.001 -13"><span class='ocrx_word' id='word_1_91' title='bbox 270 1666 469 1744; x_wconf 81' lang='grc' dir='ltr'><strong><em>αὐτός</em></strong></span> <span class='ocrx_word' id='word_1_92' title='bbox 511 1691 580 1732; x_wconf 88' lang='grc' dir='ltr'><strong><em>τε</em></strong></span> <span class='ocrx_word' id='word_1_93' title='bbox 626 1666 867 1733; x_wconf 83' lang='grc' dir='ltr'><strong><em>κτενέω</em></strong></span> <span class='ocrx_word' id='word_1_94' title='bbox 912 1669 1067 1744; x_wconf 90' lang='grc' dir='ltr'><strong><em>τούς</em></strong></span> <span class='ocrx_word' id='word_1_95' title='bbox 1110 1664 1168 1731; x_wconf 90' lang='grc' dir='ltr'><strong><em>τ’</em></strong></span> <span class='ocrx_word' id='word_1_96' title='bbox 1211 1669 1455 1744; x_wconf 72' lang='grc' dir='ltr'><strong><em>ἄλλους</em></strong></span> <span class='ocrx_word' id='word_1_97' title='bbox 1497 1667 1746 1743; x_wconf 78' lang='grc' dir='ltr'><strong><em>πάντας</em></strong></span> <span class='ocrx_word' id='word_1_98' title='bbox 1791 1665 2045 1743; x_wconf 80' lang='grc' dir='ltr'><strong><em>ἀνώξω·</em></strong></span> 
     </span>
    </p>

    <p class='ocr_par' dir='ltr' id='par_1_7' title="bbox 162 1768 2027 1859">
     <span class='ocr_line' id='line_1_16' title="bbox 162 1768 2027 1859; baseline -0.003 -19"><span class='ocrx_word' id='word_1_99' title='bbox 162 1799 242 1840; x_wconf 80' lang='lat'><strong><em>405</em></strong></span> <span class='ocrx_word' id='word_1_100' title='bbox 270 1773 335 1836; x_wconf 89' lang='grc' dir='ltr'><strong><em>εί</em></strong></span> <span class='ocrx_word' id='word_1_101' title='bbox 379 1770 460 1837; x_wconf 80' lang='grc' dir='ltr'><strong><em>δέ</em></strong></span> <span class='ocrx_word' id='word_1_102' title='bbox 498 1768 558 1838; x_wconf 89' lang='grc' dir='ltr'><strong><em>κ’</em></strong></span> <span class='ocrx_word' id='word_1_103' title='bbox 605 1771 1038 1859; x_wconf 78' lang='grc' dir='ltr'><strong><em>ἀποτρωπῶσι</em></strong></span> <span class='ocrx_word' id='word_1_104' title='bbox 1083 1777 1265 1856; x_wconf 88' lang='grc' dir='ltr'><strong><em>θεοί,</em></strong></span> <span class='ocrx_word' id='word_1_105' title='bbox 1309 1774 1696 1837; x_wconf 88' lang='grc' dir='ltr'><strong><em>παύσασθαι</em></strong></span> <span class='ocrx_word' id='word_1_106' title='bbox 1742 1772 1984 1853; x_wconf 77' lang='grc' dir='ltr'><strong><em>ἄνωγα.</em></strong></span> <span class='ocrx_word' id='word_1_107' title='bbox 1985 1772 2027 1808; x_wconf 83' lang='grc'><strong>“</strong></span> 
     </span>
    </p>

    <p class='ocr_par' dir='ltr' id='par_1_8' title="bbox 269 1874 2210 2172">
     <span class='ocr_line' id='line_1_17' title="bbox 359 1874 2210 1979; baseline 0.001 -37"><span class='ocrx_word' id='word_1_108' title='bbox 359 1878 448 1954; x_wconf 76' lang='grc' dir='ltr'><strong><em>ὣς</em></strong></span> <span class='ocrx_word' id='word_1_109' title='bbox 494 1876 678 1961; x_wconf 88' lang='grc' dir='ltr'><strong><em>ἔφατ’</em></strong></span> <span class='ocrx_word' id='word_1_110' title='bbox 726 1874 1158 1962; x_wconf 81' lang='grc' dir='ltr'><strong><em>Ἀμφίνομος,</em></strong></span> <span class='ocrx_word' id='word_1_111' title='bbox 1203 1888 1419 1943; x_wconf 81' lang='grc' dir='ltr'><strong><em>τοῖσιν</em></strong></span> <span class='ocrx_word' id='word_1_112' title='bbox 1467 1875 1528 1943; x_wconf 87' lang='grc' dir='ltr'><strong><em>δ’</em></strong></span> <span class='ocrx_word' id='word_1_113' title='bbox 1576 1877 1928 1979; x_wconf 84' lang='grc' dir='ltr'><strong><em>ἐπιήνδανε</em></strong></span> <span class='ocrx_word' id='word_1_114' title='bbox 1973 1883 2210 1961; x_wconf 82' lang='grc' dir='ltr'><strong><em>μῦθος.</em></strong></span> 
     </span>
     <span class='ocr_line' id='line_1_18' title="bbox 269 1978 2109 2067; baseline 0 -20"><span class='ocrx_word' id='word_1_115' title='bbox 269 1979 482 2047; x_wconf 85' lang='grc' dir='ltr'><strong><em>αὐτίκ’</em></strong></span> <span class='ocrx_word' id='word_1_116' title='bbox 527 1980 722 2047; x_wconf 88' lang='grc' dir='ltr'><strong><em>ἔπειτ’</em></strong></span> <span class='ocrx_word' id='word_1_117' title='bbox 769 1981 1124 2058; x_wconf 89' lang='grc' dir='ltr'><strong><em>ἀνστάντες</em></strong></span> <span class='ocrx_word' id='word_1_118' title='bbox 1169 1984 1329 2066; x_wconf 83' lang='grc' dir='ltr'><strong><em>ἔβαν</em></strong></span> <span class='ocrx_word' id='word_1_119' title='bbox 1378 1983 1588 2067; x_wconf 89' lang='grc' dir='ltr'><strong><em>δόμον</em></strong></span> <span class='ocrx_word' id='word_1_120' title='bbox 1634 1983 1728 2058; x_wconf 83' lang='grc' dir='ltr'><strong><em>εἰς</em></strong></span> <span class='ocrx_word' id='word_1_121' title='bbox 1764 1978 2109 2066; x_wconf 83' lang='grc' dir='ltr'><strong><em>Ὀδυσῆος,</em></strong></span> 
     </span>
     <span class='ocr_line' id='line_1_19' title="bbox 271 2084 1922 2172; baseline -0.001 -20"><span class='ocrx_word' id='word_1_122' title='bbox 271 2087 581 2164; x_wconf 81' lang='grc' dir='ltr'><strong><em>ἐλθόντες</em></strong></span> <span class='ocrx_word' id='word_1_123' title='bbox 630 2084 702 2152; x_wconf 76' lang='grc' dir='ltr'><strong><em>δὲ</em></strong></span> <span class='ocrx_word' id='word_1_124' title='bbox 747 2087 1024 2165; x_wconf 77' lang='grc' dir='ltr'><strong><em>κάθιζον</em></strong></span> <span class='ocrx_word' id='word_1_125' title='bbox 1072 2085 1178 2151; x_wconf 85' lang='grc' dir='ltr'><strong><em>ἐπὶ</em></strong></span> <span class='ocrx_word' id='word_1_126' title='bbox 1223 2086 1507 2165; x_wconf 81' lang='grc' dir='ltr'><strong><em>ξεστοῖσι</em></strong></span> <span class='ocrx_word' id='word_1_127' title='bbox 1551 2090 1922 2172; x_wconf 88' lang='grc' dir='ltr'><strong><em>θρόνοισιν.</em></strong></span> 
     </span>
    </p>

    <p class='ocr_par' dir='ltr' id='par_1_9' title="bbox 357 2187 2040 2278">
     <span class='ocr_line' id='line_1_20' title="bbox 357 2187 2040 2278; baseline 0.001 -22"><span class='ocrx_word' id='word_1_128' title='bbox 357 2192 398 2274; x_wconf 79' lang='grc' dir='ltr'>ἡ</span> <span class='ocrx_word' id='word_1_129' title='bbox 447 2190 509 2256; x_wconf 89' lang='grc' dir='ltr'><strong><em>δ’</em></strong></span> <span class='ocrx_word' id='word_1_130' title='bbox 552 2187 693 2256; x_wconf 80' lang='grc' dir='ltr'><strong><em>αὖτ’</em></strong></span> <span class='ocrx_word' id='word_1_131' title='bbox 739 2189 883 2257; x_wconf 76' lang='grc' dir='ltr'><strong><em>ἄλλ’</em></strong></span> <span class='ocrx_word' id='word_1_132' title='bbox 927 2191 1157 2275; x_wconf 83' lang='grc' dir='ltr'><strong><em>ἐνόησε</em></strong></span> <span class='ocrx_word' id='word_1_133' title='bbox 1204 2195 1547 2278; x_wconf 90' lang='grc' dir='ltr'><strong><em>περίφρων</em></strong></span> <span class='ocrx_word' id='word_1_134' title='bbox 1592 2195 2040 2275; x_wconf 87' lang='grc' dir='ltr'><strong><em>Πηνελόπεια,</em></strong></span> 
     </span>
    </p>

    <p class='ocr_par' dir='ltr' id='par_1_10' title="bbox 162 2295 2164 2815">
     <span class='ocr_line' id='line_1_21' title="bbox 162 2295 1951 2383; baseline -0.002 -19"><span class='ocrx_word' id='word_1_135' title='bbox 162 2325 243 2364; x_wconf 78' lang='lat'><strong><em>410</em></strong></span> <span class='ocrx_word' id='word_1_136' title='bbox 269 2300 713 2383; x_wconf 87' lang='grc' dir='ltr'><strong><em>μνηστήρεσσι</em></strong></span> <span class='ocrx_word' id='word_1_137' title='bbox 758 2305 1053 2380; x_wconf 82' lang='grc' dir='ltr'><strong><em>φανῆναι</em></strong></span> <span class='ocrx_word' id='word_1_138' title='bbox 1097 2295 1418 2382; x_wconf 84' lang='grc' dir='ltr'><strong><em>ὑπέρβιον</em></strong></span> <span class='ocrx_word' id='word_1_139' title='bbox 1463 2296 1663 2380; x_wconf 77' lang='grc' dir='ltr'><strong><em>ὕβριν</em></strong></span> <span class='ocrx_word' id='word_1_140' title='bbox 1708 2299 1951 2380; x_wconf 89' lang='grc' dir='ltr'><strong><em>ἔχουσι.</em></strong></span> 
     </span>
     <span class='ocr_line' id='line_1_22' title="bbox 268 2396 2078 2487; baseline -0.002 -19"><span class='ocrx_word' id='word_1_141' title='bbox 268 2404 555 2468; x_wconf 86' lang='grc' dir='ltr'><strong><em>πεύθετο</em></strong></span> <span class='ocrx_word' id='word_1_142' title='bbox 602 2402 728 2484; x_wconf 81' lang='grc' dir='ltr'><strong><em>γὰρ</em></strong></span> <span class='ocrx_word' id='word_1_143' title='bbox 775 2396 858 2466; x_wconf 81' lang='grc' dir='ltr'><strong><em>οὗ</em></strong></span> <span class='ocrx_word' id='word_1_144' title='bbox 901 2402 1139 2477; x_wconf 88' lang='grc' dir='ltr'><strong><em>παιδὸς</em></strong></span> <span class='ocrx_word' id='word_1_145' title='bbox 1183 2398 1283 2464; x_wconf 83' lang='grc' dir='ltr'><strong><em>ἐνὶ</em></strong></span> <span class='ocrx_word' id='word_1_146' title='bbox 1331 2400 1717 2486; x_wconf 88' lang='grc' dir='ltr'><strong><em>μεγάροισιν</em></strong></span> <span class='ocrx_word' id='word_1_147' title='bbox 1764 2403 2078 2487; x_wconf 76' lang='grc' dir='ltr'><strong><em>ὄλεθρον·</em></strong></span> 
     </span>
     <span class='ocr_line' id='line_1_23' title="bbox 268 2504 2099 2592; baseline -0.001 -20"><span class='ocrx_word' id='word_1_148' title='bbox 268 2506 473 2592; x_wconf 81' lang='grc' dir='ltr'><strong><em>κῆρυξ</em></strong></span> <span class='ocrx_word' id='word_1_149' title='bbox 520 2507 646 2589; x_wconf 90' lang='grc' dir='ltr'><strong><em>γάρ</em></strong></span> <span class='ocrx_word' id='word_1_150' title='bbox 693 2507 764 2571; x_wconf 80' lang='grc' dir='ltr'><strong><em>οἰ</em></strong></span> <span class='ocrx_word' id='word_1_151' title='bbox 804 2508 976 2570; x_wconf 83' lang='grc' dir='ltr'><strong><em>ἔειπε</em></strong></span> <span class='ocrx_word' id='word_1_152' title='bbox 1021 2504 1308 2589; x_wconf 92' lang='grc' dir='ltr'><strong><em>Μέδων,</em></strong></span> <span class='ocrx_word' id='word_1_153' title='bbox 1356 2504 1428 2582; x_wconf 86' lang='grc' dir='ltr'><strong><em>ὃς</em></strong></span> <span class='ocrx_word' id='word_1_154' title='bbox 1474 2504 1792 2570; x_wconf 80' lang='grc' dir='ltr'><strong><em>ἐπεύθετο</em></strong></span> <span class='ocrx_word' id='word_1_155' title='bbox 1838 2506 2099 2589; x_wconf 86' lang='grc' dir='ltr'><strong><em>βουλάς.</em></strong></span> 
     </span>
     <span class='ocr_line' id='line_1_24' title="bbox 269 2608 2164 2697; baseline -0.001 -20"><span class='ocrx_word' id='word_1_156' title='bbox 269 2617 353 2697; x_wconf 83' lang='grc' dir='ltr'><strong><em>βῆ</em></strong></span> <span class='ocrx_word' id='word_1_157' title='bbox 403 2610 465 2677; x_wconf 89' lang='grc' dir='ltr'><strong><em>δ’</em></strong></span> <span class='ocrx_word' id='word_1_158' title='bbox 511 2611 682 2677; x_wconf 83' lang='grc' dir='ltr'><strong><em>ἰέναι</em></strong></span> <span class='ocrx_word' id='word_1_159' title='bbox 725 2610 1018 2697; x_wconf 88' lang='grc' dir='ltr'><strong><em>μέγαρον</em></strong></span> <span class='ocrx_word' id='word_1_160' title='bbox 1065 2608 1139 2675; x_wconf 74' lang='grc' dir='ltr'><strong><em>δὲ</em></strong></span> <span class='ocrx_word' id='word_1_161' title='bbox 1187 2615 1314 2675; x_wconf 88' lang='grc' dir='ltr'><strong><em>σὺν</em></strong></span> <span class='ocrx_word' id='word_1_162' title='bbox 1361 2609 1795 2695; x_wconf 88' lang='grc' dir='ltr'><strong><em>ἀμφιπόλοισι</em></strong></span> <span class='ocrx_word' id='word_1_163' title='bbox 1840 2610 2164 2694; x_wconf 83' lang='grc' dir='ltr'><strong><em>γυναιξίν.</em></strong></span> 
     </span>
     <span class='ocr_line' id='line_1_25' title="bbox 269 2716 2061 2815; baseline -0.001 -32"><span class='ocrx_word' id='word_1_164' title='bbox 269 2716 411 2783; x_wconf 87' lang='grc' dir='ltr'><strong><em>ἀλλ’</em></strong></span> <span class='ocrx_word' id='word_1_165' title='bbox 461 2719 565 2783; x_wconf 87' lang='grc' dir='ltr'><strong><em>ὅτε</em></strong></span> <span class='ocrx_word' id='word_1_166' title='bbox 614 2719 698 2801; x_wconf 79' lang='grc' dir='ltr'><strong><em>δὴ</em></strong></span> <span class='ocrx_word' id='word_1_167' title='bbox 743 2727 1119 2803; x_wconf 84' lang='grc' dir='ltr'><strong><em>μνηστῆρας</em></strong></span> <span class='ocrx_word' id='word_1_168' title='bbox 1163 2716 1434 2802; x_wconf 91' lang='grc' dir='ltr'><strong><em>ἀφίκετο</em></strong></span> <span class='ocrx_word' id='word_1_169' title='bbox 1482 2719 1592 2782; x_wconf 81' lang='grc' dir='ltr'><strong><em>δῖα</em></strong></span> <span class='ocrx_word' id='word_1_170' title='bbox 1636 2727 2003 2800; x_wconf 80' lang='grc' dir='ltr'><strong><em>γυναικῶν,</em></strong></span> <span class='ocrx_word' id='word_1_171' title='bbox 2047 2797 2061 2815; x_wconf 51' lang='lat'><strong>·</strong></span> 
     </span>
    </p>

    <p class='ocr_par' dir='ltr' id='par_1_11' title="bbox 164 2808 2202 3118">
     <span class='ocr_line' id='line_1_26' title="bbox 164 2808 2202 2920; baseline -0 -32"><span class='ocrx_word' id='word_1_172' title='bbox 164 2849 242 2889; x_wconf 77' lang='lat'><strong><em>415</em></strong></span> <span class='ocrx_word' id='word_1_173' title='bbox 273 2832 390 2907; x_wconf 79' lang='grc' dir='ltr'><strong><em>στῆ</em></strong></span> <span class='ocrx_word' id='word_1_174' title='bbox 439 2824 523 2909; x_wconf 80' lang='grc' dir='ltr'><strong><em>ῥα</em></strong></span> <span class='ocrx_word' id='word_1_175' title='bbox 568 2825 744 2910; x_wconf 80' lang='grc' dir='ltr'><strong><em>παρὰ</em></strong></span> <span class='ocrx_word' id='word_1_176' title='bbox 792 2826 1094 2920; x_wconf 47' lang='grc' dir='ltr'><strong><em>στοὲθμὸν</em></strong></span> <span class='ocrx_word' id='word_1_177' title='bbox 1139 2821 1361 2906; x_wconf 85' lang='grc' dir='ltr'><strong><em>τέγεος</em></strong></span> <span class='ocrx_word' id='word_1_178' title='bbox 1403 2824 1578 2887; x_wconf 89' lang='grc' dir='ltr'><strong><em>πύκα</em></strong></span> <span class='ocrx_word' id='word_1_179' title='bbox 1622 2834 1919 2907; x_wconf 79' lang='grc' dir='ltr'><strong><em>ποιητοῖο</em></strong></span> <span class='ocrx_word' id='word_1_180' title='bbox 2003 2808 2202 2903; x_wconf 50' lang='grc' dir='ltr'><strong><em>ΜΝ*</em></strong></span> 
     </span>
     <span class='ocr_line' id='line_1_27' title="bbox 268 2927 1848 3015; baseline -0.001 -22"><span class='ocrx_word' id='word_1_181' title='bbox 268 2930 433 2994; x_wconf 79' lang='grc' dir='ltr'><strong><em>ἄντα</em></strong></span> <span class='ocrx_word' id='word_1_182' title='bbox 477 2929 812 3015; x_wconf 87' lang='grc' dir='ltr'><strong><em>παρειάων</em></strong></span> <span class='ocrx_word' id='word_1_183' title='bbox 858 2927 1143 3014; x_wconf 85' lang='grc' dir='ltr'><strong><em>σχομένη</em></strong></span> <span class='ocrx_word' id='word_1_184' title='bbox 1193 2929 1437 3013; x_wconf 81' lang='grc' dir='ltr'><strong><em>λιπαρὰ</em></strong></span> <span class='ocrx_word' id='word_1_185' title='bbox 1481 2929 1848 3014; x_wconf 88' lang='grc' dir='ltr'><strong><em>κρήδεμνα,</em></strong></span> 
     </span>
     <span class='ocr_line' id='line_1_28' title="bbox 262 3028 2195 3118; baseline 0 -20"><span class='ocrx_word' id='word_1_186' title='bbox 262 3028 601 3100; x_wconf 86' lang='grc' dir='ltr'><strong><em>Ἀντίνοον</em></strong></span> <span class='ocrx_word' id='word_1_187' title='bbox 648 3031 709 3099; x_wconf 83' lang='grc' dir='ltr'><strong><em>δ’</em></strong></span> <span class='ocrx_word' id='word_1_188' title='bbox 758 3032 1058 3099; x_wconf 83' lang='grc' dir='ltr'><strong><em>ἐνένιπεν</em></strong></span> <span class='ocrx_word' id='word_1_189' title='bbox 1104 3035 1257 3110; x_wconf 85' lang='grc' dir='ltr'><strong><em>ἔπος</em></strong></span> <span class='ocrx_word' id='word_1_190' title='bbox 1301 3030 1359 3098; x_wconf 88' lang='grc' dir='ltr'><strong><em>τ’</em></strong></span> <span class='ocrx_word' id='word_1_191' title='bbox 1406 3031 1589 3118; x_wconf 84' lang='grc' dir='ltr'><strong><em>ἔφατ’</em></strong></span> <span class='ocrx_word' id='word_1_192' title='bbox 1634 3037 1706 3098; x_wconf 89' lang='grc' dir='ltr'><strong><em>ἔκ</em></strong></span> <span class='ocrx_word' id='word_1_193' title='bbox 1751 3032 1805 3097; x_wconf 88' lang='grc' dir='ltr'><strong><em>τ’</em></strong></span> <span class='ocrx_word' id='word_1_194' title='bbox 1853 3034 2195 3116; x_wconf 78' lang='grc' dir='ltr'><strong><em>ὀνόμαζεν·</em></strong></span> 
     </span>
    </p>

    <p class='ocr_par' dir='ltr' id='par_1_12' title="bbox 269 3134 2380 3339">
     <span class='ocr_line' id='line_1_29' title="bbox 358 3134 2287 3224; baseline 0 -21"><span class='ocrx_word' id='word_1_195' title='bbox 358 3135 707 3223; x_wconf 85' lang='grc' dir='ltr'><strong><em>,,Ἀντίνο’,</em></strong></span> <span class='ocrx_word' id='word_1_196' title='bbox 751 3138 952 3224; x_wconf 78' lang='grc' dir='ltr'><strong><em>ὕβριν</em></strong></span> <span class='ocrx_word' id='word_1_197' title='bbox 990 3140 1183 3222; x_wconf 91' lang='grc' dir='ltr'><strong><em>ἔχων,</em></strong></span> <span class='ocrx_word' id='word_1_198' title='bbox 1226 3140 1664 3223; x_wconf 90' lang='grc' dir='ltr'><strong><em>κακομήχανε,</em></strong></span> <span class='ocrx_word' id='word_1_199' title='bbox 1708 3134 1817 3203; x_wconf 86' lang='grc' dir='ltr'><strong><em>καὶ</em></strong></span> <span class='ocrx_word' id='word_1_200' title='bbox 1856 3136 1936 3202; x_wconf 84' lang='grc' dir='ltr'><strong><em>δέ</em></strong></span> <span class='ocrx_word' id='word_1_201' title='bbox 1967 3136 2048 3203; x_wconf 90' lang='grc' dir='ltr'><strong><em>σέ</em></strong></span> <span class='ocrx_word' id='word_1_202' title='bbox 2077 3155 2287 3222; x_wconf 91' lang='grc' dir='ltr'><strong><em>φασιν</em></strong></span> 
     </span>
     <span class='ocr_line' id='line_1_30' title="bbox 269 3239 2380 3340; baseline -0.002 -31"><span class='ocrx_word' id='word_1_203' title='bbox 269 3243 343 3309; x_wconf 90' lang='grc' dir='ltr'><strong><em>ἐν</em></strong></span> <span class='ocrx_word' id='word_1_204' title='bbox 389 3246 577 3333; x_wconf 85' lang='grc' dir='ltr'><strong><em>δήμω</em></strong></span> <span class='ocrx_word' id='word_1_205' title='bbox 614 3241 879 3327; x_wconf 87' lang='grc' dir='ltr'><strong><em>Ἰθάκης</em></strong></span> <span class='ocrx_word' id='word_1_206' title='bbox 922 3239 1073 3340; x_wconf 88' lang='grc' dir='ltr'><strong><em>μεθ’</em></strong></span> <span class='ocrx_word' id='word_1_207' title='bbox 1119 3243 1435 3326; x_wconf 87' lang='grc' dir='ltr'><strong><em>ὁμήλικας</em></strong></span> <span class='ocrx_word' id='word_1_208' title='bbox 1480 3246 1684 3327; x_wconf 89' lang='grc' dir='ltr'><strong><em>ἔμμεν</em></strong></span> <span class='ocrx_word' id='word_1_209' title='bbox 1729 3245 1999 3328; x_wconf 72' lang='grc' dir='ltr'><strong><em>ἄριστον</em></strong></span> <span class='ocrx_word' id='word_1_210' title='bbox 2122 3265 2380 3339; x_wconf 46' lang='lat' dir='ltr'><strong><em>omme·</em></strong></span> 
     </span>
    </p>

    <p class='ocr_par' dir='ltr' id='par_1_13' title="bbox 165 3344 2212 3646">
     <span class='ocr_line' id='line_1_31' title="bbox 165 3344 2069 3435; baseline 0.001 -24"><span class='ocrx_word' id='word_1_211' title='bbox 165 3373 216 3412; x_wconf 77' lang='lat'><strong><em>42</em></strong></span> <span class='ocrx_word' id='word_1_212' title='bbox 268 3353 479 3435; x_wconf 75' lang='grc' dir='ltr'><strong><em>βουλῇ</em></strong></span> <span class='ocrx_word' id='word_1_213' title='bbox 526 3345 637 3414; x_wconf 87' lang='grc' dir='ltr'><strong><em>καὶ</em></strong></span> <span class='ocrx_word' id='word_1_214' title='bbox 684 3350 990 3433; x_wconf 90' lang='grc' dir='ltr'><strong><em>μύθοισι·</em></strong></span> <span class='ocrx_word' id='word_1_215' title='bbox 1039 3349 1123 3412; x_wconf 84' lang='grc' dir='ltr'><strong><em>σὺ</em></strong></span> <span class='ocrx_word' id='word_1_216' title='bbox 1171 3344 1230 3411; x_wconf 86' lang='grc' dir='ltr'><strong><em>δ’</em></strong></span> <span class='ocrx_word' id='word_1_217' title='bbox 1279 3346 1401 3413; x_wconf 82' lang='grc' dir='ltr'><strong><em>οὐκ</em></strong></span> <span class='ocrx_word' id='word_1_218' title='bbox 1446 3349 1574 3433; x_wconf 76' lang='grc' dir='ltr'><strong><em>ἄρα</em></strong></span> <span class='ocrx_word' id='word_1_219' title='bbox 1619 3357 1797 3424; x_wconf 84' lang='grc' dir='ltr'><strong><em>τοῖος</em></strong></span> <span class='ocrx_word' id='word_1_220' title='bbox 1840 3349 2069 3431; x_wconf 86' lang='grc' dir='ltr'><strong><em>ἔησθα.</em></strong></span> 
     </span>
     <span class='ocr_line' id='line_1_32' title="bbox 268 3450 2224 3542; baseline 0.001 -24"><span class='ocrx_word' id='word_1_221' title='bbox 268 3455 509 3542; x_wconf 40' lang='grc' dir='ltr'><strong><em>μάόργε,</em></strong></span> <span class='ocrx_word' id='word_1_222' title='bbox 554 3457 624 3518; x_wconf 88' lang='grc' dir='ltr'><strong><em>τί</em></strong></span> <span class='ocrx_word' id='word_1_223' title='bbox 661 3452 703 3537; x_wconf 79' lang='grc' dir='ltr'><em>ἢ</em></span> <span class='ocrx_word' id='word_1_224' title='bbox 752 3450 825 3518; x_wconf 71' lang='grc' dir='ltr'><strong><em>δὲ</em></strong></span> <span class='ocrx_word' id='word_1_225' title='bbox 870 3456 955 3518; x_wconf 88' lang='grc' dir='ltr'><strong><em>σὺ</em></strong></span> <span class='ocrx_word' id='word_1_226' title='bbox 1011 3452 1367 3540; x_wconf 88' lang='grc' dir='ltr'><strong><em>Τηλεμάχω</em></strong></span> <span class='ocrx_word' id='word_1_227' title='bbox 1412 3452 1711 3517; x_wconf 89' lang='grc' dir='ltr'><strong><em>θάνατόν</em></strong></span> <span class='ocrx_word' id='word_1_228' title='bbox 1754 3475 1824 3517; x_wconf 90' lang='grc' dir='ltr'><strong><em>τε</em></strong></span> <span class='ocrx_word' id='word_1_229' title='bbox 1870 3456 2079 3539; x_wconf 88' lang='grc' dir='ltr'><strong><em>μόρον</em></strong></span> <span class='ocrx_word' id='word_1_230' title='bbox 2126 3477 2224 3524; x_wconf 87' lang='grc' dir='ltr'><strong><em>τε</em></strong></span> 
     </span>
     <span class='ocr_line' id='line_1_33' title="bbox 267 3549 2212 3646; baseline -0.001 -22"><span class='ocrx_word' id='word_1_231' title='bbox 267 3561 565 3646; x_wconf 80' lang='grc' dir='ltr'><strong><em>ῥάπτεις,</em></strong></span> <span class='ocrx_word' id='word_1_232' title='bbox 611 3556 757 3625; x_wconf 82' lang='grc' dir='ltr'><strong><em>οὐδ’</em></strong></span> <span class='ocrx_word' id='word_1_233' title='bbox 805 3557 1017 3635; x_wconf 80' lang='grc' dir='ltr'><strong><em>ἱκέτας</em></strong></span> <span class='ocrx_word' id='word_1_234' title='bbox 1062 3558 1400 3644; x_wconf 80' lang='grc' dir='ltr'><strong><em>ἐμπάζεαι,</em></strong></span> <span class='ocrx_word' id='word_1_235' title='bbox 1446 3549 1623 3623; x_wconf 87' lang='grc' dir='ltr'><strong><em>οἷσιν</em></strong></span> <span class='ocrx_word' id='word_1_236' title='bbox 1668 3558 1795 3642; x_wconf 75' lang='grc' dir='ltr'><strong><em>ἄρα</em></strong></span> <span class='ocrx_word' id='word_1_237' title='bbox 1845 3561 2012 3635; x_wconf 88' lang='grc' dir='ltr'><strong><em>Ζεὺς</em></strong></span> <span class='ocrx_word' id='word_1_238' title='bbox 2207 3571 2212 3575; x_wconf 81' lang='grc'><em>“</em></span> 
     </span>
    </p>
   </div>
  </div>
 </body>
</html>
