2650 3909
362 234 489 298 154
1013 252 1044 301 κ
1083 236 1196 303 (22)
1232 234 1712 304 μνηστηροφονία·

354 397 511 470 τοὺς
556 391 617 459 δ’
660 395 787 477 ἤδη
837 392 1164 477 ἐδάμασσε
1209 396 1357 477 βιὸς
1401 391 1511 458 καὶ
1556 392 1831 501 ταρφέες
1877 397 1985 461 ἰοί.
2005 351 2225 455 M

354 510 494 576 τοῖς
539 497 599 562 δ’
648 496 964 581 Ἀγέλεως
1008 498 1343 583 μετέειπεν
1390 501 1544 576 ἔπος
1586 501 1900 565 πάντεσσι
1953 500 2376 585 πιφαύσκων·

448 608 543 697 ,,ὦ
592 614 809 696 φίλοι,
855 613 984 696 ἤδη
1032 614 1259 697 σχήσει
1306 611 1476 698 ἀνὴρ
1525 614 1639 678 ὅδε
1684 625 1904 700 χεῖρας
1951 614 2259 691 ἀάπτους·

111 746 298 842 Ὕπνου
356 714 467 782 καὶ
515 719 598 801 δή
646 719 717 784 οί
755 716 1045 803 Μέντωρ
1091 714 1214 801 μὲν
1259 720 1376 801 ἔβη
1423 719 1583 783 κενά
1628 720 1917 803 εὔγματα
1955 721 2194 804 εἰπών,

250 841 331 880 250
359 823 430 888 oc
470 820 532 886 δ’
575 814 706 888 οἶοι
752 827 1087 888 λείπονται
1133 820 1239 888 ἐπὶ
1278 806 1580 910 ἷρώτῃσι
1625 825 1893 911 θύρῃσι.

355 929 445 992 τω
492 938 620 994 νῦν
666 930 754 1012 μὴ
802 930 934 1012 ἅμα
978 928 1218 1004 πάντες
1263 927 1478 1014 ἐφίετε
1525 930 1815 1014 δούρατα
1866 932 2111 1017 μακρά,

356 1030 499 1097 ἀλλ’
546 1030 735 1116 ἄγεθ’
782 1035 854 1097 οἱ
892 1031 958 1110 ἓξ
1005 1043 1270 1115 πρῶτον
1316 1032 1718 1118 ἀκοντίσατ’,
1765 1041 1843 1100 αἴ
1877 1034 1956 1100 κε’
1995 1042 2160 1102 ποθι
2209 1039 2378 1113 Ζεὺς

357 1139 496 1223 δώῃ
536 1135 864 1221 Ὀδυσσῆα
908 1142 1201 1222 βλῆσθαι
1246 1136 1358 1203 καὶ
1402 1140 1606 1216 κῦδος
1650 1139 1948 1226 ἀρέσθαι.

354 1252 489 1306 τῶν
536 1239 596 1305 δ’
641 1244 863 1307 ἄλλων
911 1242 992 1308 οὐ
1039 1244 1268 1327 κῆδος,
1316 1242 1479 1326 ἐπὴν
1526 1239 1720 1322 οὗτός
1763 1269 1837 1328 γε
1882 1244 2223 1332 πέσῃσιν.“

249 1387 328 1428 25⁵
448 1364 536 1442 ὣς
581 1362 812 1449 ἔφαθ’,
859 1366 930 1431 οἱ
960 1363 1024 1430 δ’
1064 1367 1192 1451 ἄρα
1227 1366 1467 1442 πάντες
1504 1365 1884 1451 ἀκόντισαν,
1929 1369 2018 1444 ὡς
2054 1367 2376 1452 ἐκέλευεν,

358 1468 632 1554 ἱέμενοι·
677 1473 757 1535 τὰ
803 1467 878 1536 δὲ
922 1471 1135 1536 πάντα
1183 1470 1418 1544 ἐτώσια
1462 1477 1674 1555 θῆκεν
1713 1469 1982 1556 Ἀθήνη.

355 1580 466 1628 τῶν
503 1573 665 1636 ἄλλος
700 1571 804 1644 μὲν
842 1573 1098 1643 σταθμὸν
1137 1568 1446 1636 ἐυσταθέος
1482 1572 1746 1643 μεγάροιο

356 1660 641 1733 βεβλήκει,
679 1661 842 1724 ἄλλος
878 1659 942 1715 δὲ
979 1661 1168 1732 θύρην
1203 1669 1454 1724 πυκινῶς
1489 1662 1798 1733 ἀραρυῖαν·

356 1747 525 1802 ἄλλου
564 1745 622 1803 δ’
660 1743 721 1803 ἐν
758 1750 924 1822 τοίχῳ
962 1750 1120 1818 μελίη
1156 1746 1291 1804 πέσε
1328 1747 1719 1820 χαλκοβάρεια.

248 1862 330 1901 260
357 1837 561 1921 αὐτὰρ
609 1835 748 1902 ἐπεὶ
794 1839 876 1921 δὴ
924 1836 1193 1922 δούρατ’
1234 1836 1557 1902 ἀλεύαντο
1604 1840 2030 1922 μνηστήρων,

355 1954 494 2019 τοῖς
538 1944 665 2026 ἄρα
710 1943 950 2025 μύθων
995 1937 1154 2025 ἦρχε
1199 1942 1528 2016 πολύτλας
1573 1941 1715 2016 δῖος
1752 1937 2128 2018 Ὀδυσσεύς·

447 2051 544 2139 ,,ὦ
589 2058 808 2138 φίλοι,
852 2056 981 2138 ἤδη
1028 2053 1149 2138 μέν
1194 2077 1310 2119 κεν
1358 2052 1529 2136 ἐγὼν
1573 2061 1822 2139 εἴποιμι
1865 2053 1977 2120 καὶ
2021 2057 2187 2139 ἄμμι

357 2162 751 2244 μνηστήρων
798 2158 863 2236 ἐς
909 2159 1145 2244 ὅμιλον
1192 2159 1564 2242 ἀκοντίσαι,
1610 2163 1681 2225 οἳ
1720 2160 2046 2244 μεμάασιν

355 2264 558 2350 ἡμέας
602 2264 967 2352 ἐξεναρίξαι
1014 2263 1122 2331 ἐπὶ
1165 2264 1545 2350 προτέροισι
1588 2266 1953 2331 κακοῖσιν.“

250 2402 330 2442 265
448 2379 536 2457 ὣς
581 2378 809 2465 ἔφαθ’,
854 2381 927 2444 οἱ
968 2377 1028 2444 δ’
1074 2380 1202 2464 ἄρα
1246 2380 1485 2455 πάντες
1530 2378 1885 2445 ἀκόντισαν
1930 2378 2081 2457 ὀξέα
2129 2383 2339 2467 δοῦρα

357 2485 522 2548 ἄντα
565 2488 1045 2568 τιτυσκόμενοι.
1134 2486 1663 2568 Δημοπτόλεμον
1707 2481 1829 2569 μὲν
1868 2483 2250 2571 Ὀδυσσεύς,

356 2589 716 2674 Εὐρυάδην
764 2585 825 2655 δ’
867 2591 995 2674 ἄρα
1049 2587 1455 2673 Τηλέμαχος,
1481 2588 1764 2656 ’Έλατον
1811 2587 1885 2655 δὲ
1932 2593 2257 2676 συβώτης,

356 2695 781 2778 Πείσανδρον
828 2691 892 2758 δ’
933 2691 1035 2776 ἄρ’
1083 2695 1323 2777 ἔπεφνε
1369 2695 1549 2776 βοῶν
1596 2693 2024 2778 ἐπιβουκόλος
2069 2695 2256 2781 ἀνήρ.

358 2801 429 2865 οἰ
467 2794 589 2882 μὲν
636 2795 849 2862 ἔπειθ’
893 2799 1026 2881 ἅμα
1070 2797 1307 2873 πάντες
1353 2796 1512 2875 ὀδὰξ
1561 2797 1715 2863 ἔλον
1760 2800 2043 2866 ἄσπετον
2089 2795 2322 2884 οὖδας,

250 2927 331 2967 270
357 2912 722 2988 μνηστῆρες
767 2900 826 2967 δ’
874 2900 1299 2985 ἀνεχώρησαν
1344 2903 1657 2987 μεγάροιο
1704 2905 1916 2988 μυχὸν
1963 2902 2063 2969 δέ·

77 3058 86 3085 1
213 3026 296 3121 (ᾗ
331 3008 460 3109 Κ,τοὶ
506 3006 567 3103 δ’
611 3005 713 3093 ἄρ’
762 3006 1062 3092 ἐπήιξαν,
1106 3009 1364 3072 νεκύων
1409 3005 1471 3071 δ’
1519 3006 1584 3085 ἐξ
1631 3005 1797 3092 ἔγχε’
1844 3008 2091 3074 ἕλοντο.

95 3116 124 3134 ''
151 3114 168 3139 ³
446 3106 631 3199 αὖτις
677 3119 750 3187 δὲ
795 3131 1158 3206 μνηστῆρες
1205 3120 1559 3186 ἀκόντισαν
1605 3120 1756 3199 ὀξέα
1802 3122 2012 3206 δοῦρα

360 3227 633 3311 ῐέμενοι·
679 3227 760 3291 τὰ
807 3223 881 3290 δὲ
925 3226 1138 3291 πολλὰ
1186 3224 1421 3291 ἐτώσια
1465 3231 1675 3308 θῆκεν
1715 3221 1984 3308 Ἀθήνη.

356 3342 490 3396 τῶν
536 3332 734 3408 ἄλλος
777 3328 900 3415 μὲν
946 3333 1248 3414 σταθμὸν
1295 3329 1653 3407 ἐυσταθέος
1697 3329 2009 3415 μεγάροιο

249 3458 330 3499 275
357 3438 693 3520 βεβλήκει,
739 3437 935 3513 ἄλλος
981 3433 1056 3500 δὲ
1099 3436 1324 3521 θύρην
1369 3446 1659 3511 πυκινῶς
1704 3434 2057 3520 ἀραρυῖαν·

357 3542 563 3605 ἄλλου
610 3538 674 3604 δ’
720 3539 792 3605 ἐν
836 3545 1032 3629 τοίχῳ
1080 3545 1267 3625 μελίη
1314 3539 1470 3605 πέσε
1515 3540 1972 3626 χαλκοβάρεια.
