2650 3909
861 256 892 291 ο
930 242 1040 306 (15)
1083 236 1408 308 Τηλεμάχου
1446 233 1739 301 ἐπάνοδος.
2216 237 2304 301 43

291 408 426 462 τῶν
471 398 662 483 ὕβρίς
706 421 775 462 τε
821 401 932 483 βίη
978 419 1048 462 τε
1094 399 1406 484 σιδήρεον
1452 397 1742 481 οὐρανὸν
1789 400 1934 463 ἵκει.

184 524 265 564 330
293 504 376 568 οὔ
420 526 525 568 τοι
569 500 802 579 τοιοῖδ’
848 502 1019 568 εἰσὶν
1064 503 1557 589 ὑποδρηστῆρες
1603 502 1904 586 ἐκείνων,

294 607 459 673 ἀλλὰ
503 606 674 692 νέοι,
720 612 991 694 χλαίνας
1034 604 1110 673 εὖ
1157 606 1407 692 εἱμένοι
1451 604 1571 690 ῆδὲ
1615 618 1922 693 χιτῶνας,

293 711 423 777 αἰεὶ
469 710 543 777 δὲ
589 711 855 799 λιπαροὶ
899 715 1185 798 κεφαλὰς
1228 711 1340 777 καὶ
1383 714 1550 778 καλὰ
1594 716 1941 799 πρόσωπα,

294 819 365 883 οῗ
404 834 566 903 σφιν
609 819 1077 905 ὑποδρώωσιν·
1125 817 1416 896 ἐύξεστοι
1464 814 1539 882 δὲ
1574 818 1881 903 τράπεζαι
2027 807 2031 810 ⁴

295 927 481 988 σίτου
526 921 636 988 καὶ
680 934 920 1005 κρειῶν
965 919 1071 1005 ἠδ’
1114 927 1303 987 οἴνου
1349 925 1764 1007 βεβρίθασιν.

185 1048 266 1088 335
294 1028 461 1094 ἀλλά
506 1026 678 1112 μέν’·
727 1028 808 1093 οὐ
855 1028 981 1114 γάρ
1027 1031 1125 1104 τίς
1168 1050 1272 1092 τοι
1316 1027 1581 1097 ἀνιᾶται
1623 1031 1967 1115 παρεόντι,

294 1130 430 1198 οὔτ’
477 1132 602 1216 ἐγὼ
650 1131 811 1198 οὔτέ
848 1155 946 1208 τις
990 1133 1188 1210 ἄλλος
1233 1131 1540 1220 ἑταίρων,
1590 1135 1659 1200 οἵ
1697 1158 1810 1218 μοι
1858 1138 2062 1201 ἔασιν.

294 1239 502 1320 αὐτὰρ
550 1237 715 1322 ε’πὴν
762 1240 1041 1324 ἔλθῃσιν
1079 1235 1441 1322 Ὀδυσσῆος
1484 1242 1680 1324 φίλος
1722 1240 1900 1324 υίός,

292 1346 509 1419 κεῖνός
555 1359 628 1407 σε
674 1343 953 1429 χλαῖνάν
997 1365 1067 1408 τε
1113 1343 1358 1427 χιτῶνά
1401 1366 1470 1408 τε
1516 1345 1746 1427 εἵματα
1793 1344 1999 1428 ἕσσει,

292 1447 531 1531 πέμψει
579 1447 639 1512 δ’
683 1448 857 1534 ὅππῃ
905 1465 977 1513 σε
1023 1449 1261 1531 κραδίη
1305 1451 1526 1531 θυμός
1568 1471 1637 1513 τε
1682 1449 1994 1512 κελεύει.“

191 1581 275 1621 340
388 1564 507 1627 τὸν
553 1556 615 1626 δ’
657 1558 942 1647 ἠμείβετ’
988 1564 1207 1626 ἔπειτα
1250 1562 1580 1638 πολύτλας
1623 1562 1766 1637 δῖος
1801 1558 2177 1639 Ὀδυσσεύς·

381 1665 564 1750 »αἴθ’
610 1668 846 1751 οὕτως,
892 1668 1177 1751 Εὔμαιε,
1220 1671 1415 1751 φίλος
1461 1665 1580 1732 Διὶ
1624 1663 1822 1749 πατρὶ
1868 1664 2090 1749 γένοιο

294 1772 382 1848 ὡς
427 1771 601 1856 ἐμοί,
648 1773 793 1838 ὅττί
832 1770 898 1857 μ’
944 1774 1231 1848 ἔπαυσας
1275 1773 1438 1855 ἄλης
1482 1759 1593 1837 καὶ
1638 1771 1853 1853 ὀιζύος
1896 1774 2100 1856 αἰνῆς.

292 1879 790 1962 πλαγκτοσύνης
836 1874 897 1942 δ’
949 1877 1070 1943 οὐκ
1118 1879 1253 1942 ἔστι
1299 1878 1672 1963 κακώτερον
1718 1879 1881 1943 ἄλλο
1935 1880 2302 1961 βροτοῖσιν·

293 1980 436 2047 ἀλλ’
479 1982 645 2048 ἕνεκ’
694 1981 1057 2068 οὐλομένης
1101 1985 1381 2070 γαστρὸς
1425 1985 1590 2049 κακὰ
1634 1981 1814 2067 κήδε’
1863 1986 2128 2069 ἔχουσιν

183 2087 266 2129 345
293 2082 512 2154 ἀνέρες,
551 2084 618 2140 ὅν
653 2083 764 2140 τιν’
806 2086 994 2154 ἵκηται
1030 2084 1135 2154 ἄλη
1173 2085 1271 2139 καὶ
1305 2093 1467 2156 πῆμα
1502 2085 1600 2139 καὶ
1635 2084 1818 2155 ἄλγος.

62 2164 275 2313 a&
292 2185 419 2239 νῦν
466 2173 525 2239 δ’
575 2173 712 2241 ἐπεὶ
760 2168 1106 2277 ἰσῌααςὶ
1116 2179 1346 2270 μεῖναί
1382 2174 1459 2240 τέ
1497 2199 1576 2259 με
1622 2188 1847 2241 κεῖνον
1892 2178 2360 2260 ἄνωγας,ωωλ’
2402 2170 2492 2284 kun

292 2276 421 2345 εἴπ’
467 2281 584 2363 ἄγε
631 2305 744 2365 μοι
788 2282 939 2366 περὶ
984 2282 1229 2366 μητρὸς
1266 2278 1629 2364 Ὀδυσσῆος
1670 2284 1888 2346 θείοιο

291 2389 536 2471 πατρός
577 2384 678 2469 θ’,
724 2384 804 2450 ὃν
848 2383 1226 2450 κατέλειπεν
1273 2386 1395 2449 ἰὼν
1441 2382 1547 2449 ἐπὶ
1591 2387 1836 2469 γήραος
1880 2384 2092 2471 οὐδῷ,

291 2491 334 2572 ῆ
379 2510 509 2556 που
557 2492 650 2555 ἔτι
698 2468 978 2569 ζώουσιν
1024 2484 1134 2553 ὑπ’
1182 2488 1390 2571 αὐγὰς
1434 2489 1716 2571 ἠελίοιο,

184 2589 333 2678 35οῆ
379 2596 506 2679 ἤδη
555 2602 828 2661 τεθνᾶσι
873 2592 983 2660 καὶ
1027 2595 1129 2659 είν
1167 2590 1390 2658 Ἀίδαο
1439 2593 1765 2676 δόμοισι.“

380 2708 498 2771 τὸν
545 2705 605 2771 δ’
650 2703 806 2773 αὖτε
850 2705 1195 2792 προσέειπε
1242 2707 1568 2791 συβώτης,
1616 2709 1899 2794 ὄρχαμος
1944 2707 2236 2792 ἀνδρῶν·

382 2811 525 2896 ,,τοὶ
571 2814 698 2897 γὰρ
745 2812 872 2895 ἐγώ
917 2835 1051 2896 τοι,
1097 2812 1297 2895 ξεῖνε,
1343 2809 1492 2895 μάλ’
1539 2811 1855 2899 ἀτρεκέως
1900 2812 2261 2900 ἀγορεύσω.

293 2916 590 3001 Λαέρτης
633 2912 755 3000 μὲν
801 2919 897 2981 ἔτι
944 2918 1119 3000 ζώει,
1166 2915 1285 2981 Διὶ
1334 2914 1394 2981 δ’
1440 2918 1697 3002 εὔχεται
1742 2919 1872 2982 αἰεὶ

291 3024 517 3105 θυμὸν
561 3020 690 3086 ἀπὸ
736 3017 987 3104 μελέων
1030 3026 1327 3106 φθίσθαι
1374 3014 1474 3097 οἷς
1520 3021 1593 3086 ἐν
1639 3023 2049 3108 μεγάροισιν·

184 3145 264 3187 355
294 3126 632 3209 ἐκπαγλως
676 3127 803 3212 γάρ
848 3126 1082 3202 παιδὸς
1127 3126 1435 3213 ὀδύρεται
1480 3125 1851 3211 οἰχομένοιο

289 3234 629 3318 κουριδίης
672 3227 728 3296 τ’
775 3230 1042 3316 ἀλόχοιο
1091 3232 1482 3317 δαΐφρονος,
1527 3232 1568 3314 ἥ
1617 3228 1651 3296 ἑ
1694 3231 1971 3314 μαλιστα
2170 3277 2183 3300 .

26 3324 528 3469 λῆίψωῇκαχ
522 3334 946 3421 ἀποφθιμένη
994 3333 1103 3400 καὶ
1148 3336 1222 3401 ἐν
1270 3337 1425 3430 ὠμῷ
1473 3338 1673 3419 γήραι·
1712 3342 1940 3419 θῆκεν.
2008 3346 2122 3401 vv*
2128 3306 2294 3391 *⁸:⁸22ss
2279 3330 2418 3393 *ι’-

290 3440 329 3522 ἡ
380 3437 440 3504 δ’
486 3443 634 3526 ἄχει·
675 3438 756 3508 οὗ
801 3444 1036 3518 παιδὸς
1081 3440 1411 3526 ἀπέφθιτο
1457 3442 1881 3524 κυδαλίμοιο,
2425 3430 2436 3445 ’

292 3545 624 3634 λευγαλέῳ
669 3548 972 3634 θανατω,
1020 3547 1109 3623 ὡς
1152 3547 1241 3630 μὴ
1288 3546 1494 3612 θανοι
1539 3546 1612 3623 ὅς
1655 3570 1753 3624 τις
1799 3550 2018 3631 ἔμοιγε
