2650 3909
1230 15 1365 118 37

310 254 397 318 70
682 275 713 324 ρ
750 255 865 323 (17)
904 251 1181 317 ἐπάνοδος
1223 253 1549 323 Τηλεμάχου
1588 251 1668 317 εἰς
1697 252 1950 323 Ἰθάκην.

310 413 519 500 αὐτὰρ
567 413 693 497 ἐγὼ
739 422 830 501 τῷ
875 421 1095 478 πᾶσαν
1141 412 1466 497 ἀληθείην
1509 412 1833 493 κατέλεξα.

308 516 419 584 καὶ
459 523 604 584 τότε
651 521 734 602 δή
780 516 845 603 μ’
894 518 1193 584 ἐπέεσσιν
1239 517 1673 603 ἀμειβόμενος
1716 518 2128 604 προσέειπεν·

311 622 387 688 ’ὢ
433 626 665 704 πόποι,
707 619 749 706 ἧ
797 623 971 708 μάλα
1017 624 1101 706 δὴ
1145 625 1677 710 κρατερόφρονος
1720 623 1965 710 ἀνδρὸς
2009 624 2083 690 ἐν
2128 624 2289 709 εὐνῇ

206 752 283 793 125
308 731 559 813 ἤθελον
604 728 974 812 εὐνηθῆναι
1020 728 1368 803 ἀνάλκιδες
1413 727 1602 793 αὐτοὶ
1648 728 1884 807 ἐόντες.

310 833 398 910 ὡς
444 831 505 898 δ’
549 831 726 900 ὁπότ’
774 832 848 897 ἐν
894 832 1150 922 ξυλόχῳ
1197 836 1440 917 ἔλαφος
1483 845 1828 921 κρατεροῖο
1875 834 2141 912 λέοντος

308 941 589 1022 νεβροὺς
633 939 1001 1021 κοιμήσασα
1046 936 1396 1021 νεηγενέας
1438 941 1865 1023 γαλαθηνοὺς

309 1044 600 1126 κνημοὺς
647 1040 934 1128 ἐξερέῃσι
978 1039 1088 1107 καὶ
1134 1043 1339 1125 ἄγκεα
1382 1046 1696 1127 ποιήεντα

309 1145 712 1231 βοσκομένη,
758 1147 794 1212 ὁ
843 1144 904 1212 δ’
950 1148 1170 1212 ἔπειτα
1217 1145 1334 1230 ἑὴν
1380 1150 1736 1232 εἰσήλυθεν
1782 1149 2017 1234 εὐνήν,

206 1275 284 1317 ιεο
310 1249 738 1337 ἀμφοτέροισι
785 1247 858 1316 δὲ
903 1262 1122 1334 τοῖσιν
1167 1251 1388 1317 ἀεικέα
1431 1254 1685 1337 πότμον
1764 1262 2010 1339 φῆκεν,
2131 1307 2146 1322 .

311 1357 399 1434 ὣς
434 1355 747 1433 Ὀδυσεὺς
789 1360 1113 1423 κείνοισιν
1158 1350 1379 1423 ἀεικέα
1423 1362 1679 1442 πότμον
1725 1359 1973 1445 ἐφήσει.

310 1464 382 1527 αἳ
423 1462 581 1549 γάρ,
630 1466 762 1527 Ζεῦ
807 1485 877 1527 τε
922 1463 1125 1550 πάτερ
1171 1461 1281 1528 καὶ
1317 1461 1640 1547 Ἀθηναίη
1687 1462 1797 1530 καὶ
1826 1463 2186 1548 Ἄπολλον,

310 1580 487 1644 τοῖος
532 1567 660 1633 ἐὼν
707 1559 847 1646 οἶός
889 1566 1036 1634 ποτ’
1080 1566 1426 1654 ἐυκτιμένῃ
1475 1569 1575 1640 ἐνὶ
1687 1567 1860 1659 έσβφ

312 1672 378 1750 ἐξ
426 1674 643 1759 ἔριδος
692 1676 1143 1758 Φιλομηλείδῃ
1189 1673 1542 1738 ἐπάλαισεν
1633 1675 1902 1758 ναστάς,

208 1800 284 1842 185
310 1779 439 1843 κὰδ
484 1774 543 1842 δ’
589 1780 780 1860 ἔβαλε
828 1789 1185 1863 κρατερῶς,
1239 1778 1598 1861 κεχάροντο
1646 1775 1721 1843 δὲ
1773 1779 2012 1854 πάντες
2049 1776 2324 1863 Ἀχαιοί,

309 1893 486 1958 τοῖος
532 1881 661 1947 ἐὼν
705 1892 1113 1967 μνηστῆρσιν
1160 1882 1536 1965 ὁμιλήσειεν
1575 1878 1950 1959 Ὀδυσσεύς·

310 1985 546 2063 πάντές
589 1984 649 2052 κ’
696 1986 1037 2072 ὠκύμοροί
1073 2009 1142 2051 τε
1189 1989 1493 2069 γενοίατο
1539 1990 1943 2073 πικρόγαμοί
1979 2011 2064 2053 τε.

310 2101 525 2178 ταῦτα,
559 2089 651 2175 δ’,
697 2093 740 2157 ἅ
784 2089 849 2175 μ’
903 2093 1179 2179 εἰρωτᾷς
1223 2089 1334 2156 καὶ
1380 2095 1665 2176 λίσσεαι,
1712 2092 1834 2158 οὐκ
1879 2092 1963 2159 ἄν
2008 2096 2212 2177 ἔγωγε

311 2200 477 2263 ἄλλα
520 2193 670 2283 παρ’
717 2196 783 2275 ἐξ
830 2202 1076 2281 εἴποιμι
1122 2199 1564 2282 παρακλιδόν,
1611 2195 1754 2263 οὐδ’
1803 2196 2139 2282 ἀπατήσω·

207 2326 286 2367 140
311 2302 479 2368 ἀλλὰ
522 2304 602 2368 τὰ
647 2301 769 2388 μέν
813 2326 932 2388 μοι
978 2305 1151 2367 ἔειπε
1198 2302 1412 2389 γέρων
1458 2304 1643 2381 ἅλιος
1686 2308 2038 2392 νημερτής,

311 2420 443 2474 τῶν
491 2407 691 2474 οὐδέν
734 2432 838 2474 τοι
885 2407 1012 2491 ἐγὼ
1057 2410 1293 2495 κρύψω
1341 2411 1495 2486 ἔπος
1538 2387 1726 2475 οὐδΥ
1730 2409 2069 2476 ἐπικεύσω.

312 2524 404 2600 φῆ
452 2538 568 2598 μιν
614 2514 651 2578 ὅ
697 2508 759 2596 γ’
804 2512 877 2578 ἐν
923 2515 1107 2599 νήσω
1156 2512 1358 2577 ἰδέειν
1403 2501 1676 2599 κρατέρ’,ἶ
1706 2513 1886 2596 ἄλγε’
1932 2517 2193 2600 ἔχοντα,

312 2621 603 2703 Νύμφης
648 2617 721 2681 έν
766 2617 1111 2700 μεγάροισι
1158 2619 1554 2700 Καλυψοῦς,
1598 2618 1658 2698 ἥ,
1687 2641 1803 2700 μιν
1849 2617 2101 2701 ἀνάγκῃ

315 2730 497 2807 ἴσχει.
588 2722 624 2785 ὁ
673 2717 733 2784 δ’
780 2719 861 2784 οὐ
908 2719 1185 2783 δύναται
1230 2719 1317 2802 ἣν
1360 2707 1666 2820 πατρίδαζ
1691 2731 1889 2802 γαῖαν
1937 2720 2224 2785 ἱκέσθαι·

210 2847 285 2889 145
313 2827 395 2892 οὐ
439 2825 565 2911 γάρ
612 2824 683 2889 oc
721 2824 898 2909 πάρα
943 2830 1097 2905 νῆες
1143 2823 1493 2910 ἐπήρετμοι
1537 2821 1646 2889 καὶ
1692 2822 1971 2911 ἑταῖροι,

313 2932 383 2997 οἵ
421 2928 537 2996 κέν
581 2953 697 3013 μιν
742 2927 1058 3013 πέμποιεν
1106 2926 1204 2995 ἐπ’
1249 2928 1446 3013 εὐρέα
1491 2941 1669 2995 νῶτα
1712 2930 2095 3016 θαλάσσηςῖ

313 3036 401 3113 ὣς
446 3031 629 3119 ἔφατ’
679 3032 1044 3120 Ἀτρείδης,
1091 3035 1541 3120 δουρικλειτὸς
1585 3036 1947 3115 Μενέλαος.

311 3150 514 3207 ταῦτα
557 3143 947 3224 τελευτήσας
991 3141 1266 3223 νεόμην·
1314 3142 1556 3206 ἔδοσαν
1606 3141 1686 3207 δέ
1724 3166 1838 3226 μοι
1884 3137 2090 3229 οὖρον

312 3245 668 3329 ἀθάνατοι,
714 3249 823 3311 τοί
858 3242 928 3330 μ’
976 3242 1115 3311 ὦκα
1159 3249 1366 3330 φίλην
1411 3245 1477 3323 ἐς
1520 3244 1779 3333 πατρίδ’
1827 3247 2185 3332 ἔπεμψαν.“

210 3373 286 3414 150
403 3350 490 3427 ὣς
533 3351 734 3435 φάτο,
779 3360 856 3436 τῇ
904 3348 964 3416 δ’
1009 3352 1136 3437 ἄρα
1181 3353 1407 3435 θυμὸν
1453 3351 1553 3417 ἐνὶ
1600 3354 1958 3435 στήθεσσιν
2005 3354 2204 3436 ὄρινε.

312 3467 482 3521 τοῖσι
529 3452 604 3519 δὲ
648 3454 757 3520 καὶ
802 3454 1091 3540 μετέειπε
1140 3457 1597 3540 Θεοκλύμενος
1640 3458 1972 3540 θεοειδής·

402 3556 497 3644 ,,ὦ
544 3561 740 3642 γύναι
787 3563 1005 3645 αἰδοίη
1053 3562 1473 3644 Λαερτιάδεω
1513 3556 1862 3646 Ὀδυσῆος,
