2650 3909
812 293 855 327 π
891 277 1004 344 (16)
1042 273 1465 343 ἀναγνωρισμὸς
1495 270 1811 334 Ὀδυσσέως.
2241 266 2327 330 53

312 432 481 498 ἕσσω
530 459 646 518 μιν
690 434 969 519 χλαῖνάν
1014 457 1083 498 τε
1128 432 1374 518 χιτῶνά
1417 456 1519 515 τε,
1564 434 1794 516 εἵματα
1838 430 2034 512 καλά,

230 560 282 600 80
312 538 504 603 δώσω
553 535 627 603 δὲ
673 537 864 622 ξίφος
909 539 1203 622 ἄμφηκες
1246 536 1358 602 καὶ
1401 535 1603 603 ποσσὶ
1647 536 1915 618 πέδιλα,

309 641 542 726 πέμψω
590 641 649 708 δ’
697 643 872 728 ὅππῃ
919 667 1035 727 μιν
1079 644 1315 728 κραδίη
1361 645 1583 726 θυμός
1626 664 1695 707 τε
1741 642 2007 706 κελεύει.
2414 715 2428 731 ·

24 771 147 816 ωι
170 747 291 870 χὴ,
309 749 372 811 εἰ
415 745 477 811 δ’
525 747 812 830 ἐθέλεις,
858 751 942 813 σὺ
987 751 1310 855 κόμισσον
1358 745 1457 813 ἐνὶ
1509 753 1906 831 σταθμοῖσιν
1954 742 2208 838 ἐρύξας·
2253 731 2538 840 “MAN-s(

312 853 544 935 εἵματα
591 850 652 917 δ’
698 851 932 917 ἐνθάδ’
978 851 1105 935 ἐγὼ
1151 851 1388 936 πέμψω
1434 849 1546 916 καὶ
1593 863 1777 916 σῖτον
1824 852 2077 915 ἅπαντα

311 958 611 1041 ἔδμεναι,
655 959 746 1034 ὡς
791 957 875 1023 ἂν
921 959 1010 1041 μή
1059 975 1131 1023 σε
1176 958 1547 1043 κατατρύχῃ
1591 955 1701 1022 καὶ
1749 954 2062 1041 ἑταίρους.

232 1083 283 1124 85
310 1073 483 1126 κεῖσε
531 1060 590 1127 δ’
639 1062 724 1128 ἂν
770 1064 852 1128 οὔ
897 1087 1013 1146 μιν
1059 1065 1263 1147 ἔγωγε
1309 1063 1470 1146 μετὰ
1517 1069 1892 1146 μνηστῆρας
1935 1058 2098 1146 ἐῷμι

314 1168 655 1250 ἔρχεσθαι’
705 1170 856 1252 λίην
902 1169 1029 1251 γὰρ
1077 1166 1462 1233 ἀτάσθαλον
1509 1167 1708 1251 ὕβριν
1753 1168 2003 1250 ἔχουσι·

311 1274 398 1354 μή
446 1295 560 1355 μιν
604 1272 1077 1355 κερτομέωσιν,
1123 1270 1269 1356 ἐμοὶ
1315 1270 1377 1336 δ’
1422 1274 1578 1355 ἄχος
1624 1274 1878 1336 ἔσσεται
1926 1271 2137 1334 αἰνόν.

310 1374 548 1460 πρῆξαι
595 1372 656 1440 δ’
704 1375 1028 1461 ἀργαλέον
1074 1400 1137 1442 τι
1184 1377 1345 1460 μετὰ
1389 1379 1781 1441 πλεόνεσσιν
1829 1373 2020 1439 έόντα

313 1482 527 1566 ἄνδρα
572 1477 684 1544 καὶ
731 1486 1048 1567 ἴφθιμον,
1096 1478 1236 1546 ἐπεὶ
1283 1476 1325 1562 ἦ
1374 1483 1546 1545 πολὺ
1593 1478 1907 1565 φέρτεροί
1945 1478 2134 1543 εἰσι.“

233 1625 285 1664 90
401 1604 519 1667 τὸν
566 1600 626 1667 δ’
674 1598 829 1667 αὖτε
877 1600 1225 1687 προσέειπε
1273 1602 1604 1677 πολύτλας
1651 1604 1793 1677 δῖος
1830 1599 2202 1675 Ὀδυσσεύς·

404 1721 501 1809 ,,ὦ
548 1721 720 1809 φίλ’,
769 1723 917 1790 ἐπεί
953 1728 1091 1822 θ.ήν
1138 1749 1251 1809 μοι
1296 1723 1408 1789 καὶ
1453 1723 1861 1809 ἀμείψασθαι
1897 1721 2092 1806 θέμις
2136 1711 2626 1805 &efflatu-m„

319 1825 360 1913 ἧ
412 1830 586 1913 μάλα
631 1854 756 1914 μευ
802 1828 1228 1895 καταδάπτετ’
1274 1828 1637 1906 ἀκούοντος
1680 1833 1881 1914 φίλον
1925 1825 2118 1912 ἦτορ,

316 1927 425 2001 οἶά
471 1959 635 2019 φατε
682 1946 1058 2020 μνηστῆρας
1104 1935 1446 2001 ἀτάσθαλα
1491 1936 1956 2019 μηχανάασθαι

258 2063 279 2090 x
313 2039 385 2105 έν
432 2041 776 2125 μεγάροις,
823 2040 1045 2124 ἀέκητι
1094 2040 1295 2106 σέθεν
1341 2042 1646 2106 τοιούτου
1693 2040 1931 2116 ἐόντος.

234 2165 286 2205 95
313 2142 457 2208 είπέ
497 2168 641 2228 μοι,
686 2142 762 2228 ἠὲ
809 2143 977 2210 ἑκὼν
1020 2146 1521 2229 ὑποδάμνασαι,
1568 2141 1607 2228 ἧ
1660 2142 1806 2228 σέγε
1856 2142 2004 2211 λαοὶ

314 2245 706 2332 ἐχθαίρουσ’
755 2248 883 2313 ἀνὰ
930 2250 1143 2333 δῆμον
1156 2298 1176 2332 ,
1225 2248 1656 2333 ἐπισπόμενοι
1699 2256 1869 2315 θεοῦ
1916 2249 2127 2332 ὀμφῇ,

314 2348 354 2435 ἧ
404 2376 465 2416 τι
510 2355 939 2435 κασιγνήτοις
986 2351 1411 2442 ἐπιμέμφεαι,
1457 2345 1597 2417 οἷσί
1634 2374 1755 2438 περ
1803 2351 1971 2435 ἀνὴρ

314 2454 797 2541 μαρναμένοισι
843 2454 1159 2541 πέποιθε,
1205 2455 1313 2521 καὶ
1362 2458 1425 2520 εἰ
1469 2458 1634 2540 μέγα
1679 2466 1898 2532 νεῖκος
1943 2458 2190 2541 ὄρηται.
2342 2531 2354 2546 ,

314 2563 387 2626 αἲ
428 2563 555 2646 γὰρ
602 2560 775 2646 ἐγὼν
821 2562 993 2627 οὕτω
1039 2561 1189 2638 νέος
1234 2569 1380 2646 εἴην
1426 2560 1581 2648 τῷδ’
1629 2560 1734 2657 Q
1778 2569 2009 2648 θυμῷ,
2073 2558 2136 2614 ὗ*
2180 2547 2452 2612 ΑΜ’““
2497 2543 2568 2610 (0⁸

212 2666 358 2751 ιοοῆ
404 2678 556 2744 παῖς
602 2667 666 2745 ἐξ
708 2665 1023 2749 Ὀδυσῆος
1069 2653 1406 2751 ἀμύμονος
1453 2662 1529 2750 ἠὲ
1575 2665 1682 2731 καὶ
1729 2666 1925 2743 αὐτὸς

281 2757 477 2832 (ἔλθοι
511 2770 822 2839 ἀλητεύων·
864 2768 943 2824 ἔτι
980 2770 1085 2840 γὰρ
1123 2770 1222 2824 καὶ
1260 2765 1485 2832 ἐλπίδος
1520 2749 1706 2846 αἶσα)
2227 2728 2356 2818 W*
2385 2735 2525 2814 5be-

314 2858 522 2925 αὐτίκ’
570 2855 767 2924 ἔπειτ’
811 2857 927 2925 ἀπ’
975 2859 1155 2944 έμεῖο
1202 2860 1371 2944 κάρη
1420 2860 1613 2943 τάμοι
1659 2859 2002 2945 ἀλλότριος
2045 2862 2216 2944 φώς,

317 2966 380 3029 εἰ
421 2966 509 3048 μὴ
558 2964 684 3047 ἐγὼ
730 2969 1010 3030 κείνοισι
1056 2968 1260 3031 κακὸν
1306 2965 1623 3029 πάντεσσι
1671 2968 1987 3049 γενοίμην

321 3061 507 3121 ἐλθὼν
545 3062 603 3129 ἐς
639 3065 884 3136 μέγαρον
918 3067 1276 3136 Λαερτιάδεω
1309 3063 1587 3135 Ὀδυσῆος.

210 3178 288 3218 105
318 3158 381 3221 εἰ
424 3153 486 3221 δ’
533 3152 619 3222 αὖ
666 3181 745 3241 με
791 3162 1055 3240 πληθυῖ
1096 3158 1502 3241 δαμασαίατο
1550 3167 1803 3240 μοῦνον
1851 3155 2075 3238 ε’όντα,

318 3266 692 3347 βουλοίμην
738 3260 798 3327 κ’
842 3261 915 3327 ἐν
963 3260 1177 3345 ε’μοῖσι
1222 3262 1705 3345 κατακτάμενος
1750 3261 2093 3346 μεγάροισι

317 3366 653 3451 τεθνάμεν
699 3367 740 3451 ἢ
785 3367 940 3432 τάδε
986 3364 1048 3451 γ’
1095 3364 1238 3432 αἰὲν
1283 3365 1504 3432 ἀεικέα
1551 3364 1687 3452 ἔργ’
1732 3366 2092 3452 ὁράασθαι,

318 3470 577 3548 ξείνους
621 3496 692 3538 τε
741 3471 1336 3566 στυφελιζομένους
1382 3473 1604 3560 δμῳάς
1646 3494 1716 3536 τε
1761 3482 2178 3555 γυναῖκαςωι.
2205 3473 2232 3524 ι’
2253 3498 2284 3528 2
2299 3437 2518 3580 [Ἐξ
2545 3457 2572 3508 ἶ*
2603 3483 2614 3496 “

317 3575 757 3685 ῥυστάζοντας
802 3576 1139 3654 ἀεικελίως
1182 3579 1345 3643 κατὰ
1392 3578 1661 3661 δώματα
1705 3577 1903 3660 καλά,

311 3677 773 3776 maffia-m
784 3731 827 3805 ς
