2650 3909
338 219 462 283 170
568 231 616 290 ψ
655 221 767 290 (23)
799 217 1105 282 Ὀδυσσέως
1138 218 1248 273 ὑπὸ
1284 217 1616 287 Πηνελόπης
1651 217 2088 288 ἀναγνωρισμός,
2631 223 2634 228 <

331 382 395 444 εἰ
435 382 524 464 μὴ
571 378 675 465 ἄρ’
721 377 865 445 ἄλλ’
913 379 1143 464 ἐνόησε
1187 380 1317 444 θεὰ
1362 384 1737 462 γλαυκῶπις
1775 376 2041 462 Ἀθήνη.

14 463 249 613 kwffinsxf
330 485 536 550 νύκτα
581 481 704 569 μὲν
751 484 823 550 ἐν
868 486 1113 576 περάτῃ
1160 486 1492 569 δολιχὴν*
1484 483 1757 569 σχέθεν,
1795 481 1931 548 Ἠῶ
1979 481 2039 548 δ’
2085 478 2243 548 αὖτε
2633 507 2634 544 ;

105 547 315 628 ww
332 588 558 674 ῥύσατ’
584 588 706 655 ..ἐπ’
743 587 1028 676 Ὠκεανῷ
1076 593 1573 675 χρυσόθρονον,
1621 587 1763 655 οὐδ’
1810 592 1885 654 ἔα
1928 590 2170 665 ἵππους
2195 587 2423 703 οῑῖΛΊς)
2634 573 2636 716 Ι

226 718 305 759 245
334 675 685 777 ζεύγνυσθ’
729 695 1106 780 ὠκύποδας,
1151 695 1321 779 φάος
1365 694 1781 780 ἀνθρώποισι
1825 692 2176 779 φέροντας,
2635 721 2636 744 ³

332 800 617 883 Λάμπον
660 797 770 865 καὶ
819 798 1197 884 Φαέθονθ’,
1242 801 1314 866 οἵ
1352 797 1409 864 τ’
1456 798 1591 864 Ἠῶ
1636 804 1847 865 πῶλοι
1893 800 2148 883 ἄγουσι.

331 901 440 968 καὶ
484 901 616 970 τότ’
660 901 765 990 ἄρ’
805 905 895 988 ἣν
939 907 1184 991 ἄλοχον
1227 903 1527 989 προσέφη
1568 906 1930 989 πολύμητις
1962 903 2343 980 Ὀδυσσεύς·

421 1003 518 1092 ,,ὧ
563 1010 795 1092 γύναι,
840 1010 921 1074 οὐ
967 1011 1093 1094 γάρ
1138 1031 1241 1074 πω
1286 1010 1554 1075 πάντων
1600 1007 1705 1074 ἐπὶ
1750 1002 2002 1093 πείρατ’
2046 1007 2311 1074 ἀέθλων

329 1116 657 1198 ἤλθομεν,
703 1111 846 1179 ἀλλ’
891 1111 980 1179 ἔτ’
1025 1116 1306 1189 ὄπισθεν
1353 1114 1711 1216 ἀμέτρητος
1753 1117 1961 1192 πόνος
2005 1116 2215 1198 ἔσται,

226 1245 306 1284 25ο
330 1221 575 1295 πολλὸς
616 1217 727 1284 καὶ
771 1223 1082 1304 χαλεπός,
1127 1222 1246 1286 τὸν
1291 1217 1406 1304 ἐμὲ
1449 1221 1576 1306 χρὴ
1619 1220 1832 1285 πάντα
1876 1218 2193 1285 τελέσσαι.

333 1322 421 1399 ὣς
464 1324 589 1409 γάρ
635 1349 749 1408 μοι
793 1326 970 1410 ψυχὴ
1018 1326 1426 1410 μαντεύσατο
1483 1329 1820 1411 Τειρεσίαο

330 1429 530 1511 ἤματι
573 1438 694 1517 τῷ,
740 1429 847 1494 ὅτε
896 1431 978 1513 δὴ
1024 1429 1308 1515 κατέβην
1356 1432 1564 1515 δόμον
1592 1429 1819 1507 ’Ἀιδος
1863 1437 2051 1514 εἴσω,

331 1536 573 1598 νόστον
621 1532 981 1621 ἑταίροισιν
1029 1537 1371 1621 διζήμενος
1414 1532 1519 1619 ἠδ’
1565 1533 1712 1620 ἐμοὶ
1756 1536 1954 1625 αὐτῷ.

332 1636 475 1702 ἀλλ’
521 1641 743 1725 ἔρχευ,
789 1639 1061 1725 λέκτρον
1110 1638 1171 1705 δ’
1218 1642 1711 1725 ἴομεν,,γύναι,
1757 1642 1931 1727 ὄφρα
1976 1639 2086 1706 καὶ
2130 1642 2257 1724 ἤδη

228 1767 308 1809 255
332 1743 520 1834 ῧπνφ
566 1745 697 1811 ὕπο
744 1750 1040 1833 γλυκερῷ
1087 1747 1488 1831 ταρπώμεθα
1532 1746 1987 1829 κοιμηθέντε.“

420 1851 538 1914 τὸν
586 1848 646 1914 δ’
691 1845 846 1915 αὖτε
890 1848 1236 1935 προσέειπε
1281 1854 1628 1935 περίφρων
1675 1852 2119 1932 Πηνελόπεια·

424 1954 628 2038 »εὐνὴ
676 1951 797 2038 μὲν
845 1956 928 2039 δὴ
977 1958 1158 2036 σοίγε
1202 1952 1338 2018 τότ’
1380 1957 1667 2037 ἔσσεται,
1714 1954 1954 2020 ὁππότε
1999 1960 2197 2043 θυμῷ

335 2067 429 2145 σῷ
478 2056 743 2144 ἐθέλῃς,
789 2057 928 2123 ἐπεὶ
973 2059 1057 2144 ἄρ
1105 2075 1178 2123 σε
1222 2047 1376 2126 θεοὶ
1419 2062 1705 2143 ποίησαν
1753 2057 2013 2124 ἱκέσθαι

337 2159 524 2228 οἶκον
571 2162 956 2248 ἐυκτίμενον
998 2165 1110 2228 καὶ
1157 2165 1285 2248 σὴν
1332 2163 1397 2240 ἐς
1441 2166 1724 2251 πατρίδα
1768 2175 1991 2248 γαῖαν·
2350 2204 2364 2220 =

228 2295 309 2334 260
335 2266 478 2333 ἀλλ’
524 2266 662 2334 ἐπεὶ
709 2268 1050 2354 έφρᾴρῐθης
1091 2274 1208 2335 καί
1245 2292 1349 2334 τοι
1394 2271 1553 2345 θεὸς
1597 2272 1837 2354 ἔμβαλε
1882 2220 2497 2358 θυμῷ,”“ωέτῖἷὶὶι)

334 2370 460 2438 εἴπ’
507 2375 623 2456 ἄγε
670 2399 782 2458 μοι
827 2377 946 2441 τὸν
990 2377 1272 2459 ἄεθλον,
1320 2374 1459 2441 ἐπεὶ
1504 2373 1613 2440 καὶ
1660 2377 1972 2459 ὄπισθεν,
2017 2376 2170 2459 ὀίω,

333 2480 687 2564 πεύσομαι,
735 2480 968 2545 αὐτίκα
1013 2475 1075 2545 δ’
1120 2478 1257 2545 ἐστὶ
1303 2482 1624 2566 δαήμεναι
1671 2482 1752 2546 οὔ
1797 2504 1860 2546 τι
1903 2479 2221 2567 χέρειον.“

421 2586 544 2668 τὴν
582 2582 642 2649 δ’
683 2585 1205 2670 ἀπαμειβόμενος
1239 2585 1539 2671 προσέφη
1576 2588 1936 2671 πολύμητις
1967 2583 2344 2664 Ὀδυσσεύς·

422 2690 802 2772 ,,δαιμονίη,
844 2693 916 2754 τί
951 2686 1008 2753 τ’
1055 2686 1157 2771 ἄρ’
1204 2685 1288 2754 αὖ
1335 2713 1414 2772 με
1454 2688 1607 2773 μάλ’
1649 2690 2022 2775 ὀτρύνουσα
2058 2694 2346 2769 κελεύεις

229 2816 308 2857 255
334 2791 627 2877 εἰπέμεν;
677 2793 884 2878 αὐτὰρ
932 2791 1058 2875 ἐγὼ
1104 2796 1489 2877 μυθήσομαι
1535 2791 1681 2859 οὐδ’
1725 2793 2065 2862 ἐπικεύσω.

336 2899 417 2965 οὐ
464 2896 585 2983 μέν
629 2922 732 2964 τοι
778 2901 997 2982 θυμὸς
1039 2901 1491 2985 κεχαρήσεται·
1538 2896 1696 2965 οὐδὲ
1741 2902 1867 2987 γὰρ
1914 2901 2112 2979 αὐτὸς

334 3009 572 3092 χαίρω,
619 3003 758 3070 ἐπεὶ
801 3006 975 3090 μάλα
1018 3006 1230 3070 πολλὰ
1275 3009 1534 3091 βροτῶν
1580 3003 1686 3071 ἐπὶ
1732 3005 1907 3072 ἄστε’
1957 3009 2213 3088 ἄνωγεν
2234 2965 2562 3079 stiffi-‘mm

336 3111 596 3194 ἐλθεῖν,
642 3109 715 3176 έν
760 3114 1089 3196 χείρεσσιν
1135 3105 1349 3195 ἔχοντ’
1391 3112 1624 3196 εὐῆρες
1668 3110 1970 3197 ἐρετμόν,

335 3218 429 3293 εἰς
473 3201 511 3281 ὅ
555 3239 629 3282 κε
673 3219 828 3293 τοὺς
871 3216 1239 3300 ἀφίκωμαι,
1285 3220 1356 3282 οἳ
1395 3217 1517 3282 οὐκ
1564 3223 1742 3282 ἴσασι
1786 3218 2133 3281 θάλασσαν

231 3341 312 3381 2⁷0
339 3318 596 3405 ἀνέρες,
645 3319 809 3386 οὐδέ
846 3319 919 3386 θ’
961 3322 1190 3385 ἅλεσσι
1235 3320 1637 3405 μεμιγμένον
1685 3318 1870 3406 εἶδαρ
1918 3321 2211 3386 ἔδουσιν·

339 3422 483 3489 οὐδ’
528 3425 655 3508 ἄρα
701 3429 810 3490 τοί
846 3423 908 3508 γ’
955 3432 1133 3490 ἴσασι
1177 3424 1332 3502 νέας
1374 3423 1966 3510 φοινικοπαρῄους,

337 3524 481 3593 οὐδ’
527 3525 745 3613 εὐήρε’
791 3528 1054 3614 ἐρετμά,
1100 3531 1178 3594 τά
1221 3553 1291 3595 τε
1336 3531 1539 3617 πτερὰ
1581 3528 1779 3614 νηυσὶ
1824 3528 2150 3596 πέλονται.
