2650 3909
319 198 444 263 138
1013 217 1057 266 φ
1096 198 1208 266 (21)
1244 195 1410 262 τόξου
1445 194 1624 259 θέσις.

211 381 288 423 186
315 357 702 442 ἐντανύσαι,
745 360 997 424 πολλὸν
1044 354 1120 423 δὲ
1163 360 1312 443 βίης
1359 355 1686 434 ἐπιδευέες
1729 352 1917 442 ἦσαν.

309 461 646 540 Ἀντίνοος
693 461 753 528 δ’
799 460 886 529 ἔτ’
933 463 1146 548 ἐπεῖχε
1191 462 1302 528 καὶ
1345 463 1744 549 Εὐρύμαχος
1786 464 2123 547 θεοειδής,

316 567 509 655 ἀρχοὶ
555 572 976 654 μνηστήρων·
1021 569 1220 655 ἀρετῇ
1268 565 1329 634 δ’
1377 571 1535 635 ἔσαν
1582 565 1747 653 ἔξοχ’
1794 570 2069 654 ἄριστοι.

404 676 495 739 τὼ
542 671 604 738 δ’
651 674 718 754 ἐξ
764 681 955 741 οἴκου
1000 678 1215 760 βῆσαν
1260 675 1744 777 ὁμαρτήσαντες
1789 670 1899 758 ἅμ’
1945 675 2229 760 αμφωόῐ
2255 626 2644 745 &Mt-m.

317 782 639 863 βουκόλος
681 777 802 864 ἠδὲ
847 783 1188 867 συφορβὸς
1224 758 1587 863 Ὀδυσσῆος
1629 782 1873 845 θείοιο·

211 909 288 948 190
316 882 387 948 ἐκ
434 883 496 948 δ’
543 885 742 963 αυτὸς
786 886 948 970 μετὰ
993 888 1149 961 τοὺς
1193 886 1406 969 δόμου
1450 886 1664 968 ἤλυθε
1711 886 1855 961 δῖος
1892 882 2262 962 Ὀδυσσεύς.

315 990 458 1059 ἀλλ’
504 993 611 1058 ὅτε
660 992 743 1074 δή
790 986 854 1077 ῥ’
899 989 1084 1068 ἐκτὸς
1127 987 1398 1076 θυρέων
1443 992 1603 1056 ἔσαν
1646 986 1767 1073 ἠδὲ
1811 988 1920 1055 καὶ
1965 990 2201 1074 αὐλῆς,

318 1095 775 1183 φθεγξάμενός
820 1094 937 1180 σφ’
981 1094 1237 1161 ἐπέεσσι
1281 1097 1629 1179 προσηύδα
1674 1099 2079 1181 μειλιχίοισι·

407 1204 731 1287 ,,βουκόλε
778 1198 888 1266 καὶ
935 1203 1042 1285 σύ,
1089 1198 1410 1287 συφορβέ,
1456 1203 1611 1278 ἔπος
1655 1205 1726 1266 τί
1763 1224 1835 1267 κε
1878 1204 2333 1286 μυθησαίμην,

312 1303 354 1391 ἦ
402 1307 599 1394 αὐτὸς
642 1307 896 1386 κεύθω;
942 1307 1201 1392 φάσθαι
1248 1303 1327 1371 δέ
1367 1329 1446 1390 με
1491 1308 1711 1390 θυμὸς
1754 1305 2013 1390 ἀνώγει.

210 1433 286 1474 195
312 1416 499 1478 ποῖοί
537 1408 597 1477 κ’
641 1407 757 1477 εἶτ’
806 1409 1073 1496 Ὀδυσῆι
1119 1409 1486 1496 ἀμυνέμεν,
1528 1416 1599 1476 εἴ
1632 1418 1848 1477 ποθεν
1895 1414 2085 1477 ἔλθοι

314 1513 443 1583 ὧδε
490 1515 639 1602 μάλ’
683 1515 988 1599 ἐξαπίνης
1031 1519 1148 1581 καί
1186 1539 1285 1593 τις
1327 1518 1487 1593 θεὸς
1533 1516 1737 1581 αὐτὸν
1784 1515 2056 1595 ἐνείκαι;

313 1626 355 1708 ἥ
400 1647 471 1689 κε
519 1624 1005 1707 μνηστήρεσσιν
1050 1619 1350 1705 ἀμύνοιτ’
1396 1620 1437 1705 ἢ
1478 1619 1771 1706 Ὀδυσῆι;

312 1727 532 1795 εἴπαθ’
579 1729 756 1805 ὅπως
798 1725 1002 1811 ὑμέας
1045 1728 1281 1811 κραδίη
1326 1729 1546 1810 θυμός
1590 1751 1658 1792 τε
1704 1728 2020 1793 κελεύει.“

400 1837 518 1901 τὸν
566 1830 624 1898 δ’
672 1826 826 1898 αὖτε
872 1830 1216 1917 προσέειπε
1263 1835 1447 1915 βοῶν
1492 1830 1921 1917 ἐπιβουκόλος
1965 1831 2161 1916 ἀνήρ·

207 1960 285 1999 200
402 1942 583 2023 ,,Ζεῦ
628 1939 861 2022 πάτερ,
906 1938 981 2001 αἲ
1020 1938 1145 2021 γὰρ
1191 1946 1388 2003 τοῦτο
1434 1940 1884 2021 τελευτήσειας
1929 1935 2205 2023 ἐέλδωρ,

313 2044 403 2120 ὡς
447 2046 635 2107 ἔλθοι
681 2038 804 2126 μὲν
849 2051 1069 2118 κεῖνος
1113 2040 1314 2127 ἀνήρ,
1360 2040 1598 2124 ἀγάγοι
1645 2042 1726 2107 δέ
1765 2040 1800 2109 ἕ
1845 2044 2124 2125 δαίμων·

311 2151 540 2232 γνοίης
582 2143 642 2232 χ’
689 2147 795 2230 οἵη
844 2145 964 2230 ἐμὴ
1013 2146 1293 2230 δύναμις
1337 2148 1448 2212 καὶ
1492 2158 1705 2233 χεῖρες
1748 2146 2079 2213 ἕπονται.“

401 2253 489 2330 ὣς
535 2250 597 2318 δ’
640 2252 854 2329 αὕτως
897 2252 1196 2336 Εὔμαιος
1240 2252 1546 2337 ἐπεύχετο
1591 2262 1753 2319 πᾶσι
1797 2260 2016 2318 θεοῖσι

312 2368 626 2442 νοστῆσαι
664 2356 952 2443 Ὀδυσῆα
996 2359 1388 2444 πολύφρονα
1434 2358 1514 2424 ὃν
1561 2354 1636 2423 δὲ
1681 2359 1890 2442 δόμον
1939 2356 2029 2423 δέ.

206 2485 285 2525 205
313 2464 519 2551 αὐτὰρ
568 2461 707 2530 ἐπεὶ
753 2464 836 2547 δὴ
883 2475 1017 2529 τῶν
1062 2487 1136 2546 γε
1183 2465 1347 2529 νόον
1390 2460 2020 2569 νημερτέ’-ἀνέγνω,
2087 2464 2315 2569 Q

313 2567 569 2647 ἐξαῦτίς
615 2565 726 2653 σφ’
773 2567 1074 2633 ἐπέεσσιν
1118 2558 1551 2651 ἀμειβόμενος
1594 2566 2011 2652 προσέειπεν

401 2672 645 2755 »ἔνδον
690 2666 812 2752 μὲν
857 2671 942 2751 δὴ
988 2666 1090 2733 ὅδ’
1135 2669 1333 2744 αὐτὸς
1377 2669 1531 2753 ἐγώ,
1574 2671 1741 2734 κακὰ
1785 2670 1997 2734 πολλὰ
2036 2672 2330 2753 μογήσας

313 2778 575 2859 ἤλυθον
621 2775 894 2859 εἰκοστῷ
944 2774 1077 2836 ἔτει·
1118 2773 1185 2850 ἐς
1226 2775 1510 2857 πατρίδα
1554 2784 1769 2858 γαῖαν.

312 2881 616 2964 γινώσκω
663 2873 725 2943 δ’
771 2878 861 2955 ὡς
905 2889 1120 2963 σφῶιν
1166 2876 1657 2963 ἐελδομένοισιν
1704 2878 1907 2945 ἱκάνω

208 3006 287 3047 210
315 2992 516 3052 οἴοισι
564 2985 832 3068 δμώων·
877 2993 1012 3048 τῶν
1059 2979 1121 3048 δ’
1166 2985 1388 3050 ἄλλων
1434 2985 1517 3050 οὔ
1560 3007 1676 3050 τευ
1722 2987 1973 3052 ἄκουσα

313 3088 675 3176 εὐξαμένου
723 3085 836 3173 ἐμὲ
882 3083 1070 3167 αὖτις
1114 3089 1493 3173 ὑπότροπον
1542 3087 1751 3155 οἴκαδ’
1799 3090 2080 3156 ἱκέσθαι.

314 3207 533 3280 σφῶιν
579 3191 673 3278 δ’,
718 3195 807 3272 ὡς
852 3196 1074 3259 ἔσεταί
1111 3215 1266 3281 περ,
1312 3192 1640 3279 ἀληθείην
1683 3194 2036 3274 καταλέξω·

312 3307 381 3365 εἴ
415 3297 475 3386 χ’
519 3296 633 3365 ὑπ’
679 3301 900 3383 ἔμοιγε
946 3301 1106 3377 θεὸς
1151 3301 1412 3386 δαμάσῃ
1459 3309 1831 3386 μνηστῆρας
1875 3299 2197 3386 ἀγαυούς,

312 3403 548 3487 ἄξομαι
594 3403 988 3491 ἀμφοτέροις
1033 3403 1314 3491 ἀλόχους
1358 3404 1468 3470 καὶ
1512 3403 1780 3490 κτήματ’
1827 3405 2095 3472 ὀπάσσω

204 3530 285 3572 215
314 3510 489 3573 οἰκία
532 3504 589 3572 τ’
637 3507 833 3591 ἐγγὺς
877 3510 1056 3593 ἐμεῖο
1102 3509 1486 3595 τετυγμένα·
1533 3514 1649 3576 καί
1689 3534 1802 3595 μοι
1849 3513 2070 3578 ἔπειτα
