2650 3909
760 221 792 259 σ
830 206 942 275 (18)
971 202 1274 268 Ὀδυσσέως
1312 204 1409 259 καὶ
1435 203 1585 273 Ἴρου
1623 205 1826 276 πυγμή.
2220 205 2304 270 9Ἱ

291 368 420 449 δύη
467 367 624 450 ἄχος
668 366 948 449 κραδίην
995 364 1415 450 Λαερτιάδεω
1455 362 1786 449 Ὀδυσῆος.

288 482 502 536 τοῖσιν
551 468 611 536 δ’
666 469 1089 555 Εὐρύμαχος,
1135 471 1457 554 Πολύβου
1501 480 1684 553 παῖς,
1728 465 1875 556 ἦρχ’
1929 470 2308 555 ἀγορεύειν,

177 599 262 640 οεο
287 573 658 660 κερτομέων
697 569 1005 658 Ὀδυσῆα·
1052 573 1223 658 γέλω
1272 573 1333 639 δ’
1380 572 1712 660 ἑτάροισιν
1758 577 2003 660 ἔτευχε·

379 678 696 764 ,,κε’κλυτέ
736 703 858 763 μευ
871 728 891 762 ,
935 689 1300 765 μνηστῆρες
1345 679 1728 764 ἀγακλειτῆς
1770 684 2135 764 βασιλείης,

290 784 442 870 ὄφρ’
484 792 646 850 εἴπω
693 784 772 848 τά
817 807 898 867 με
941 787 1160 867 θυμὸς
1206 783 1307 849 ἐνὶ
1353 788 1672 870 στήθεσσι
1716 787 1987 850 κελεύει.

291 892 414 957 οὐκ
459 888 645 955 ἀθεεὶ
691 883 791 955 ὅδ’
836 888 1004 974 ἀνὴρ
1044 884 1396 972 Ὀδυσήιον
1442 889 1508 967 ἐς
1553 892 1764 975 δόμον
1808 891 1961 955 ἵκει·

167 1042 195 1074 x
292 997 499 1079 ἔμπης
544 1018 658 1079 μοι
705 992 920 1060 δοκέει
966 995 1219 1058 δαΐδων
1267 992 1460 1071 σέλας
1505 997 1778 1079 ἔμμεναι
1824 995 2030 1061 αὐτοῦ

26 1139 51 1162 ι
76 1095 265 1168 miss
291 1101 416 1189 κάκ
441 1089 778 1183 κεφαλῆς,
824 1097 963 1163 ἐπεὶ
1011 1099 1091 1163 οὔ
1138 1100 1208 1164 οἱ
1247 1102 1349 1164 ἔνι
1393 1104 1608 1185 τρίχες
1653 1098 1798 1165 οὐδ’
1842 1100 2131 1184 ἠβαιαί.“

378 1200 420 1288 ἦ
468 1202 563 1290 ῤ’,
606 1206 739 1288 ἅμα
784 1227 852 1269 τε
896 1202 1288 1289 προσέειπεν
1328 1202 1658 1290 Ὀδυσσῆα
1702 1209 2183 1291 πτολίπορθον·

382 1306 581 1393 »ξεῖν’
593 1358 614 1393 ,
656 1305 698 1393 ἦ
744 1310 829 1395 άρ
874 1306 935 1374 κ’
981 1307 1242 1386 ἐθέλοις
1284 1309 1676 1395 θητευέμεν,
1723 1317 1791 1375 εἴ
1819 1308 1878 1375 σ’
1925 1299 2460 1393 ἀνελοίμην,Μ

291 1414 502 1500 ἀγροῦ
548 1411 645 1479 ἐπ’
694 1412 993 1499 ἐσχατιῆς
1030 1452 1096 1461 -
1134 1417 1379 1497 μισθὸς
1424 1414 1505 1480 δέ
1543 1438 1647 1481 τοι
1691 1416 1916 1496 άρκιος
1961 1417 2139 1480 ἔσται
2178 1451 2244 1459 -

63 1493 600 1605 ΜΜαίμ-αριάς
643 1542 712 1585 τε
758 1518 970 1601 λέγων
1016 1517 1126 1584 καὶ
1172 1516 1453 1605 δένδρεα
1496 1521 1712 1605 μακρὰ
1759 1521 2098 1604 φυτεύων;

184 1650 267 1690 noo
294 1626 466 1690 ἔνθά
508 1623 569 1690 κ’
616 1623 763 1710 ἐγὼ
792 1637 980 1691 σῖτον
1026 1622 1148 1708 μὲν
1195 1625 1557 1709 ἐπηετανὸν
1602 1623 1980 1710 παρέχοιμι,

292 1731 526 1814 εἵματα
572 1727 634 1795 δ’
677 1728 1066 1815 ἀμφιέσαιμι
1111 1733 1311 1795 ποσίν
1355 1725 1428 1794 θ’
1471 1729 1858 1820 ὑποδήματα
1906 1732 2115 1813 δοίην.

295 1830 436 1900 ἀλλ’
481 1833 620 1900 ἐπεὶ
667 1829 790 1901 οὖν
838 1836 922 1919 δὴ
970 1837 1130 1920 ἔργα
1173 1830 1320 1900 κάκ’
1367 1837 1688 1919 ἔμμαθες,
1733 1836 1857 1901 οὐκ
1902 1835 2240 1919 ἐθελήσεις

296 1943 492 2025 ἔργον
539 1939 953 2026 ἐποίχεσθαι,
998 1939 1166 2005 ἀλλὰ
1210 1942 1539 2006 πτώσσειν
1585 1943 1748 2006 κατὰ
1795 1943 2007 2026 δῆμον

293 2046 596 2129 βούλεαι,
643 2042 794 2130 ὄφρ’
840 2044 927 2110 ἂν
972 2047 1122 2131 ἔχῃς
1167 2048 1436 2129 βόσκειν
1483 2048 1607 2130 σὴν
1655 2041 1912 2132 γαστέρ’
1955 2047 2305 2111 ἄναλτον.“

186 2173 269 2216 ³⁶5
384 2153 501 2216 τὸν
538 2146 597 2215 δ’
636 2150 1161 2234 ἀπαμειβόμενος
1195 2149 1495 2237 προσέφη
1532 2153 1893 2236 πολύμητις
1927 2146 2308 2227 Ὀδυσσεύς·

384 2253 796 2340 ,,Εὐρύμαχ’,
841 2257 904 2320 εἰ
946 2257 1073 2341 γὰρ
1120 2267 1286 2321 νῶιν
1336 2258 1470 2341 ἔρις
1516 2259 1739 2341 ἔργοιο
1784 2255 2043 2338 γένοιτο

300 2361 437 2446 ὥρῃ
458 2389 463 2392 ·
484 2359 557 2425 ἐν
602 2361 889 2445 εἰαρινῇ,
935 2360 1043 2426 ὅτε
1090 2358 1146 2426 τ’
1191 2362 1407 2444 ἤματα
1451 2360 1668 2445 μακρὰ
1712 2360 2053 2443 πέλονται,

298 2464 372 2531 ἐν
415 2469 604 2549 ποίη,
650 2464 982 2550 δρέπανον
1028 2461 1149 2549 μὲν
1198 2464 1370 2548 ἐγὼν
1416 2461 1741 2547 εὐκαμπὲς
1785 2467 2029 2550 ἔχοιμι,

34 2627 48 2656 ι,
152 2602 169 2616 =
297 2568 408 2635 καὶ
453 2566 528 2634 δὲ
573 2572 656 2634 σὺ
701 2580 883 2636 τοῖον
931 2573 1138 2654 ἔχοις,
1182 2571 1295 2635 ἵνα
1338 2574 1820 2655 πειρησαίμεθα
1865 2572 2063 2655 ἔργου

24 2625 271 2742 mo
296 2678 556 2762 νήστιες
599 2676 750 2761 ἄχρι
796 2676 972 2760 μάλα
1016 2675 1336 2761 κνέφαος,
1379 2680 1535 2759 ποίη
1583 2672 1659 2741 δὲ
1702 2680 1965 2762 παρείη·
2119 2671 2308 2731 ΜΛ*

298 2782 360 2845 εἰ
402 2777 461 2845 δ’
507 2774 593 2845 αὖ
639 2778 749 2845 καὶ
793 2784 945 2865 βόες
989 2777 1121 2846 εἷεν
1169 2780 1557 2865 ἐλαυνέμεν,
1605 2783 1675 2846 οἳ
1714 2804 1835 2867 περ
1882 2783 2168 2866 άριστοι,

66 2885 247 2981 Q
297 2892 616 2973 αἴθωνες,
661 2887 964 2970 μεγάλοι,
1011 2888 1211 2969 ἄμφω
1257 2888 1605 2971 κεκορηότε
1652 2890 1874 2970 ποίης,

296 2991 549 3073 ἥλικες,
596 2992 936 3075 ἰσοφόροι,
981 3001 1114 3055 τῶν
1159 3012 1230 3056 τε
1277 2989 1520 3066 σθένος
1565 2991 1687 3056 οὐκ
1732 2980 2350 3098 ἀλαπαδνόνμλωώ,
2370 2977 2632 3060 ulum-3

298 3097 661 3180 τετράγυον
709 3093 769 3159 δ’
812 3101 912 3178 εἴη
925 3144 945 3178 ,
992 3101 1158 3160 εἴκοι
1204 3093 1263 3159 δ’
1309 3095 1440 3160 ὑπὸ
1484 3099 1699 3179 βῶλος
1743 3093 2026 3180 ἀρότρῳ·

189 3223 269 3263 m
297 3212 386 3266 τῶ
433 3199 513 3266 κε’
552 3198 618 3284 μ’
667 3202 867 3283 ἴδοις,
914 3202 976 3264 εἰ
1019 3194 1195 3264 ὦλκα
1245 3198 1550 3284 διηνεκέα
1592 3201 2063 3282 προταμοίμην.

298 3307 361 3370 εἰ
405 3304 464 3369 δ’
512 3301 597 3370 αὖ
643 3304 752 3371 καὶ
796 3308 1088 3389 πόλεμόν
1133 3309 1350 3368 ποθεν
1398 3304 1703 3389 ὁρμήσειε
1752 3307 2060 3383 Κρονίων

300 3412 622 3495 σήμερον,
667 3411 875 3496 αὐτὰρ
923 3407 1069 3493 ἐμοὶ
1116 3408 1313 3485 σάκος
1357 3414 1459 3492 εἴη
1507 3407 1617 3474 καὶ
1664 3409 1787 3474 δύο
1834 3410 2034 3490 δοῦρε

297 3512 409 3580 καὶ
454 3515 654 3597 κυνέη
703 3515 1107 3599 πάγχαλκος,
1155 3512 1260 3579 ἐπὶ
1305 3514 1661 3599 κροτάφοις
1705 3514 2010 3600 ἀραρυῖα·

410 3625 1069 3676 Iamdwihflm.0dym
1073 3628 1202 3667 a..11

170 3720 439 3794 375me
494 3741 527 3783 t.
570 3721 748 3780 chun.
790 3735 1045 3818 ww
1100 3709 1279 3824 Larm-
1337 3747 1508 3782 ms...-
