2650 3909
337 227 376 288 8
772 246 805 278 ν
845 227 956 293 (13)
988 224 1292 287 Ὀδυσσέως
1328 224 1521 293 ἄφιξις
1556 224 1635 289 εἰς
1664 224 1914 295 Ἰθάκην.

335 383 517 462 ἄξειν
562 386 656 460 εἰς
694 382 961 466 Ἰθάκην
1006 385 1374 484 εὐδείελον,
1421 382 1577 451 οὐδὲ
1622 384 1952 452 τέλεσσαν.
2012 329 2224 444 ‘luw-
2249 393 2420 443 ’ΨΜ

335 490 504 566 Ζεύς
550 506 752 573 σφεας
795 487 1044 555 τίσαιτο
1094 491 1416 572 ἱκετήσιος
1426 540 1446 573 ,
1493 491 1565 567 ὅς
1607 515 1676 556 τε
1721 490 1830 557 καὶ
1876 494 2114 568 ἄλλους

334 593 736 679 ἀνθρώπους
782 594 993 680 ἐφορᾷ
1037 592 1146 659 καὶ
1192 600 1449 660 τίνυται
1497 597 1568 672 ὅς
1613 621 1712 673 τις
1756 597 2025 683 ἁμάρτῃ.

228 718 307 758 215
335 697 481 766 ἀλλ’
524 700 640 781 ἄγε
687 701 769 783 δὴ
816 700 895 764 τὰ
940 698 1213 785 χρήματ’
1260 698 1609 784 ἀριθμήσω
1655 698 1765 764 καὶ
1812 703 2081 784 ἴδωμαι,

300 804 422 887 ,μή
467 808 536 869 τί
574 828 686 888 μοι
732 811 1039 889 οἴχωνται
1084 808 1310 887 κοίλης
1357 803 1461 870 ἐπὶ
1507 809 1665 889 νηὸς
1711 805 2040 888 ἄγοντες.“

421 909 509 986 ὣς
553 911 757 974 εἰπὼν
803 912 1116 995 τρίποδας
1159 908 1587 994 περικαλλέας
1629 905 1748 992 ἠδὲ
1795 907 2065 993 λε’βητας

329 1015 602 1099 ἠρίθμει
645 1017 756 1079 καὶ
799 1017 1050 1099 χρυσὸν
1095 1016 1360 1098 ὑφαντά
1405 1039 1475 1080 τε
1522 1017 1749 1099 εἵματα
1792 1015 1977 1080 καλά.

330 1129 464 1184 τῶν
509 1115 631 1202 μὲν
676 1117 777 1204 ἄρ’
825 1121 907 1185 οὔ
951 1143 1015 1184 τι
1058 1123 1283 1186 πόθει·
1332 1121 1369 1186 ὁ
1407 1117 1467 1183 δ’
1514 1120 1788 1205 ὀδύρετο
1824 1122 2105 1202 πατρίδα
2142 1130 2337 1202 γαῖαν

225 1244 305 1284 220
331 1221 626 1318 ἑρπύζων
670 1225 847 1308 παρὰ
890 1231 1055 1289 θῖνα
1100 1228 1625 1308 πολυφλοίσβοιο
1670 1225 2009 1309 θαλάσσης
2022 1203 2360 1310 ‚dm-55²2&
2419 1209 2578 1350 0⁴³*ss

329 1325 520 1393 πόλλ’
568 1328 1076 1412 ὀλοφυρόμενος.
1169 1331 1492 1415 σχεδόθεν
1539 1330 1618 1396 δέ
1658 1332 1728 1396 οἱ
1766 1326 1977 1413 ἦλθεν
2017 1327 2267 1413 Ἀθήνη

330 1430 528 1519 ἀνδρὶ
575 1431 774 1517 δέμας
818 1436 1031 1499 εἰκυῖα
1075 1433 1238 1523 νέῳ,
1284 1434 1636 1521 ἐπιβώτορι
1683 1438 1941 1520 μήλων,

329 1538 726 1627 παναπάλῳ,
773 1530 911 1605 οἷοί
948 1563 1016 1604 τε
1064 1539 1368 1606 ἀνάκτων
1411 1543 1641 1618 παῖδες
1689 1543 1863 1623 ἔασι,

330 1645 649 1729 δίπτυχον
695 1642 863 1727 ἀμφ’
904 1647 1181 1728 ὤμοισιν
1229 1642 1447 1730 ἔχουσ’
1493 1644 1763 1729 εὐεργέα
1809 1647 2057 1729 λώπην·
2088 1625 2422 1710 Μκνὶἶι-

224 1768 303 1808 225
329 1746 530 1813 ποσσὶ
577 1742 638 1813 δ’
679 1749 810 1813 ὑπὸ
858 1753 1192 1829 λιπαροῖσι
1236 1746 1449 1813 πέδιλ’
1494 1751 1629 1832 ἔχε,
1674 1731 1948 1832 χειρΓδ’
1996 1751 2258 1839 ἄκοντα.
2295 1740 2420 1846 im*

327 1854 448 1935 τὴν
495 1850 555 1915 δ’
606 1849 918 1928 Ὀδυσεὺς
961 1854 1259 1934 γήθησεν
1307 1852 1471 1917 ἰδὼν
1516 1851 1619 1917 καὶ
1672 1850 1967 1929 ἐναντίος
2010 1848 2177 1936 ἦλθε
2301 1849 2316 1866 “

326 1959 443 2020 καί
481 1979 595 2039 μιν
643 1957 954 2038 φωνήσας
1001 1958 1156 2021 ἔπεα
1200 1959 1554 2042 πτερόεντα
1599 1959 1969 2042 προσηύδα·
2398 1962 2414 1973 “

417 2055 514 2143 ,,ὦ
563 2058 731 2143 φίλ’,
778 2061 924 2127 ἐπεί
963 2076 1036 2126 σε
1081 2073 1305 2143 πρῶτα
1350 2062 1596 2147 κιχάνω
1642 2060 1796 2149 τῷδ’
1840 2061 1939 2127 ἐνὶ
1985 2065 2208 2153 χώρῳ,

328 2163 519 2248 χαῖρέ
557 2187 626 2229 τε
671 2163 781 2230 καὶ
826 2168 913 2250 μή
961 2169 1081 2249 μοί
1118 2190 1180 2231 τι
1226 2175 1404 2254 κακῷ
1450 2170 1587 2256 νόῳ
1634 2168 2126 2253 ἀντιβολήσαις,

223 2291 302 2332 280
329 2268 496 2334 ἀλλὰ
543 2269 690 2355 Q
727 2267 849 2354 μὲν
894 2279 1130 2355 ταῦτα,
1176 2270 1311 2337 σάω
1361 2269 1420 2337 δ’
1468 2271 1605 2356 ἐμέ·
1655 2272 1761 2338 σοὶ
1806 2274 1931 2358 γὰρ
1980 2278 2181 2358 ἔγωγε

329 2376 606 2463 εὔχομαι
652 2377 740 2453 ὥς
784 2401 853 2442 τε
898 2384 1038 2466 θεῷ
1085 2382 1202 2444 καί
1242 2395 1360 2443 σευ
1406 2382 1571 2461 φίλα
1616 2378 1899 2462 γούναθ’
1944 2381 2164 2446 ἱκάνω.

330 2484 448 2546 καί
484 2505 599 2565 μοι
644 2479 819 2547 τοῦτ’
866 2481 1233 2569 ἀγόρευσον
1281 2483 1637 2569 ἐτήτυμον,
1683 2483 1834 2568 ὄφρ’
1879 2488 1954 2549 ἔυ
2000 2486 2181 2550 εἰδῶ·

2443 1729 2458 1774 f

2475 1743 2486 1756 ο

2445 1777 2552 1800 *nst-rx*

329 2589 426 2661 τίς
468 2595 586 2670 γῆ,
630 2590 729 2661 τίς
775 2588 1008 2669 δῆμος;
1054 2591 1227 2663 τίνες
1273 2588 1502 2668 ἀνέρες
1547 2588 1964 2669 ἐγγεγάασιν;

327 2684 370 2773 ἦ
415 2711 546 2755 που
591 2713 689 2765 τις
732 2692 956 2772 νήσων
1002 2690 1361 2771 εὐδείελος,
1405 2686 1488 2773 ἦέ
1526 2712 1623 2765 τις
1669 2690 1826 2774 ἀκτὴ

221 2817 299 2858 235
329 2792 498 2860 κεῖθ’
547 2792 656 2858 ἁλὶ
700 2792 1045 2877 κεκλιμένη
1094 2794 1492 2879 ἐριβώλακος
1535 2794 1832 2880 ἠπείροιο
1849 2796 1911 2875 ;“

416 2900 535 2964 τὸν
581 2895 642 2962 δ’
688 2894 843 2964 αὖτε
888 2897 1233 2985 προσέειπε
1279 2900 1408 2964 θεὰ
1454 2905 1828 2983 γλαυκῶπις
1865 2897 2141 2984 Ἀθήνη·

418 3007 696 3088 »νήπιός
739 3006 865 3089 εἰς,
912 2999 964 3068 ὦ
1011 3003 1198 3087 ξεῖν’,
1245 3004 1286 3087 ἢ
1336 3009 1621 3088 τηλόθεν
1667 3008 2092 3090 εἰλήλουθας,

326 3112 389 3174 εί
431 3111 514 3193 δὴ
560 3108 763 3192 τῆνδέ
802 3132 870 3174 τε
916 3120 1113 3192 γαῖαν
1160 3109 1466 3194 ἀνείρεαι.
1554 3110 1718 3176 οὐδέ
1756 3134 1819 3176 τι
1866 3115 2017 3194 λίην
2408 3185 2420 3204 .

326 3214 498 3280 οὕτω
545 3216 849 3304 νώνυμός
895 3213 1103 3280 ἐστιν·
1149 3221 1327 3280 ἴσασι
1375 3213 1455 3279 δέ
1495 3240 1610 3299 μιν
1655 3217 1829 3300 μάλα
1873 3219 2138 3299 πολλοί,
2158 3229 2376 3278 ‚vnum
2405 3231 2456 3260 -ι
2499 3225 2564 3268 ,ιε

221 3340 299 3380 240
326 3317 492 3403 ἠμὲν
538 3319 684 3385 ὅσοι
729 3323 994 3385 ναίουσι
1037 3323 1201 3405 πρὸς
1243 3321 1341 3404 ἠῶ
1386 3319 1440 3385 τ’
1487 3319 1712 3404 ἠέλιόν
1756 3344 1858 3405 τε,

325 3421 431 3507 ἠδ’
477 3425 665 3489 ὅσσοι
710 3427 1066 3508 μετόπισθε
1111 3423 1261 3490 ποτὶ
1311 3427 1513 3508 ζόφον
1558 3426 1890 3511 ἠερόεντα.

325 3530 471 3612 ἤτοι
517 3525 637 3613 μὲν
683 3540 946 3615 τρηχεῖα
991 3528 1100 3596 καὶ
1148 3530 1268 3615 οὐχ
1317 3519 1678 3612 ἱππήλατός
1722 3530 1933 3616 ἐστιν,
