2650 3909
1562 36 1596 48 N

901 268 935 317 χ
972 251 1081 318 (22)
1120 252 1593 320 μνηστηροφονία.
2127 249 2252 313 157

239 408 503 490 γούνων
550 408 852 486 ἅψασθαι
896 409 1318 492 Λαερτιάδεω
1360 406 1692 493 Ὀδυσῆος.

130 513 383 594 Μοῖἤτοι
429 511 465 577 ὁ
511 515 848 597 φόρμιγγα
894 514 1245 597 γλαφυρὴν
1288 513 1612 597 κατέθηκε
1658 516 1896 598 χαμᾶζε

238 619 569 700 μεσσηγὺς
613 626 937 701 κρητῆρος
984 613 1084 681 ἰδὲ
1128 621 1389 702 θρόνου
1436 618 1888 702 ἀργυροήλου,

238 721 436 798 αὐτὸς
483 719 542 786 δ’
590 717 731 786 αὖτ’
781 716 1065 804 Ὀδυσῆα
1110 722 1470 807 προσαῑξας
1514 724 1671 805 λάβε
1719 723 1984 805 γούνων

237 831 354 891 καί
392 850 510 909 μιν
557 828 947 909 λισσόμενος
992 828 1149 891 ἔπεα
1193 830 1549 912 πτερόεντα
1594 829 1967 914 προσηύδα·

328 934 749 1015 ,,γουνοῦμαί
770 928 829 996 σ’
843 981 863 1015 ,
883 928 1188 998 Ὀδυσεῦ·
1218 936 1301 997 σὺ
1324 932 1405 997 δέ
1427 930 1491 1017 μ’
1524 935 1706 998 αἴδεο
1735 936 1851 997 καί
1872 931 1936 1016 μ’
1968 931 2256 1015 ἐλέησον.

129 1057 211 1098 345
238 1038 414 1123 αὐτῷ
461 1060 564 1101 τοι
611 1035 954 1119 μετόπισθ’
1004 1039 1161 1122 ἄχος
1207 1040 1500 1121 ἔσσεται,
1544 1045 1612 1103 εἴ
1647 1062 1764 1103 κεν
1810 1037 2044 1104 ἀοιδὸν

238 1140 521 1227 πέφνῃς,
567 1140 641 1217 ὅς
686 1164 753 1206 τε
800 1148 1022 1207 θεοῖσι
1067 1140 1178 1206 καὶ
1224 1141 1686 1228 ἀνθρώποισιν
1733 1142 1948 1208 ἀείδω.

233 1240 714 1322 ἀὐτοδίδακτος
760 1241 821 1310 δ’
865 1248 1031 1330 εἰμί,
1075 1249 1236 1345 θεὸς
1280 1247 1362 1311 δέ
1401 1272 1515 1331 μοι
1562 1247 1635 1313 ἐν
1681 1247 1918 1332 φρεσὶν
1967 1255 2157 1332 οἴμας

236 1355 552 1426 παντοίας
597 1349 946 1434 ἐνέφυσεν·
995 1354 1176 1416 ἔοικα
1223 1350 1303 1415 δέ
1343 1375 1446 1416 τοι
1490 1354 1874 1437 παραείδειν

239 1457 327 1532 ὥς
371 1478 439 1520 τε
486 1462 655 1542 θεῷ·
700 1456 791 1519 τὼ
838 1457 927 1539 μή
975 1479 1054 1538 με
1101 1459 1349 1523 λιλαίεο
1398 1457 1878 1542 δειροτομῆσαι.

128 1583 210 1623 850
236 1565 354 1626 καί
391 1584 508 1625 κεν
564 1558 939 1644 Τηλέμαχος
982 1560 1138 1625 τάδε
1182 1555 1245 1643 γ’
1288 1566 1496 1645 εἴποι,
1542 1564 1657 1637 σὸς
1700 1566 1895 1645 φίλος
1937 1563 2113 1645 υἱός,

239 1667 329 1742 ὡς
376 1666 505 1749 ἐγὼ
554 1666 636 1731 οὔ
681 1664 748 1730 τι
792 1663 962 1730 ἑκὼν
1010 1665 1074 1742 ἐς
1122 1668 1241 1731 σὸν
1288 1668 1500 1750 δόμον
1545 1664 1705 1732 οὐδὲ
1747 1671 2022 1753 χατίζων

236 1773 593 1855 πωλεύμην
640 1780 1052 1855 μνηστῆρσιν
1098 1769 1484 1857 ἀεισόμενος
1528 1773 1688 1856 μετὰ
1734 1773 1993 1857 δαῖτας,

236 1875 405 1941 ἀλλά
448 1880 622 1942 πολὺ
667 1875 944 1952 πλέονες
988 1874 1096 1941 καὶ
1141 1880 1521 1959 κρείσσονες
1565 1871 1734 1960 ἦγον
1778 1877 2092 1963 ἀνάγκῃ.“

326 1982 414 2058 ὣς
458 1982 662 2067 φάτο,
707 1990 827 2046 τοῦ
875 1979 935 2046 δ’
981 1979 1210 2063 ἤκουσ’
1255 1983 1398 2067 ἱερὴ
1445 1983 1506 2059 ἲς
1559 1984 1993 2067 Τηλεμάχοιο,

127 2106 207 2147 355
238 2081 401 2164 αἶψα
447 2085 508 2151 δ’
556 2084 667 2152 ἑὸν
713 2085 960 2171 πατέρα
1003 2089 1468 2172 προσεφώνεεν
1515 2087 1710 2171 ε’γγὺς
1756 2088 1974 2154 ἐόντα·

325 2196 551 2275 ,,ἰ’σχεο
598 2189 772 2275 μηδέ
809 2215 872 2255 τι
919 2201 1155 2256 τοῦτον
1201 2190 1503 2257 ἀναίτιον
1549 2194 1744 2259 οὔταε
1789 2199 2026 2280 χαλκῷ.

235 2294 345 2360 καὶ
390 2297 643 2391 κήρυκα
687 2294 1006 2362 Μέδοντα
1054 2296 1430 2378 σαώσομεν,
1476 2296 1550 2372 ὅς
1594 2295 1671 2361 τέ
1710 2320 1833 2381 μευ
1881 2297 2009 2363 αιέὶ

235 2406 394 2488 οἴκῳ
443 2398 517 2465 ἐν
560 2398 851 2488 ἡμετέρῳ
897 2398 1249 2482 κηδέσκετο
1295 2403 1533 2478 παιδὸς
1579 2400 1833 2486 ἐόντος,

234 2508 298 2571 εἰ
342 2507 425 2589 δὴ
472 2507 561 2589 μή
607 2530 723 2589 μιν
769 2508 1009 2590 ἔπεφνε
1059 2508 1394 2582 Φιλοίτιος
1439 2503 1517 2590 ἠὲ
1562 2508 1889 2591 συβώτης,

132 2633 212 2672 seo
243 2608 319 2694 ἠὲ
365 2609 473 2676 σοὶ
519 2610 963 2695 ἀντεβόλησεν
1009 2609 1375 2700 ὀρινομένῳ
1419 2612 1583 2677 κατὰ
1629 2613 1877 2696 δῶμα.“

323 2715 411 2793 ὣς
455 2715 657 2800 φάτο,
702 2725 822 2781 τοῦ
869 2712 929 2780 δ’
974 2700 1217 2799 ἤκουσε
1263 2714 1518 2782 Μέδων
1562 2717 1947 2802 πεπνυμένα
1993 2722 2209 2798 εἰδώς·

231 2823 531 2904 πεπτηὼς
575 2822 701 2906 γὰρ
750 2824 957 2886 ἔκειτο
1002 2822 1133 2886 ὑπὸ
1177 2824 1470 2907 θρόνον,
1515 2821 1686 2907 ἀμφὶ
1731 2820 1806 2888 δὲ
1852 2823 2060 2910 δέρμα

232 2925 381 2991 ἕστο
427 2929 585 3010 βοὸς
630 2928 992 3010 νεόδαρτον
1038 2927 1346 2992 ἀλύσκων
1391 2937 1560 3011 κῆρα
1605 2927 1940 3012 μέλαιναν.

232 3027 396 3108 αἶψα
442 3030 504 3096 δ’
543 3031 675 3096 ὑπὸ
720 3035 979 3116 θρόνου
1027 3029 1232 3118 ὦρτο,
1275 3034 1435 3116 βοὸς
1480 3030 1541 3098 δ’
1585 3032 1871 3098 ἀπέδυνε
1916 3039 2170 3119 βοείην·

124 3157 203 3197 365
240 3136 622 3221 Τηλέμαχον
670 3134 731 3201 δ’
778 3133 883 3219 ἄρ’
929 3139 1148 3201 ἔπειτα
1191 3138 1549 3222 προσαΐξας
1595 3139 1754 3222 λάβε
1800 3140 2065 3221 γούνων

228 3245 348 3306 καί
386 3266 501 3326 μιν
548 3245 939 3325 λισσόμενος
984 3244 1138 3306 ἔπεα
1183 3246 1539 3328 πτερόεντα
1582 3246 1957 3330 προσηύδα·

321 3342 417 3428 ,,ὦ
449 3344 621 3430 φίλ’,
659 3347 787 3430 ἐγὼ
818 3343 940 3437 μὲν
970 3338 1070 3412 ὅδ’
1101 3349 1262 3434 εἰμί,
1300 3351 1384 3413 σὺ
1414 3347 1478 3413 δ’
1514 3355 1717 3434 ἴσχεο·
1755 3346 1896 3415 εἰπὲ
1926 3347 1998 3415 δὲ
2029 3322 2363 3437 πατρί,ιω
2394 3377 2495 3410 ιη...
2570 3312 2611 3426 J
2644 3426 2645 3429 Ἴ

228 3454 316 3535 μκή
363 3474 442 3534 με
488 3451 936 3536 περισρεγέων
982 3454 1335 3537 δηλήσεται
1379 3452 1513 3531 ὀξέι
1559 3445 2129 3557 χαλκῷψωλβμεχ
2160 3464 2234 3526 ὶ..
2279 3450 2501 3531 mox-22
2526 3460 2633 3537 1:³12

228 3555 496 3641 ἀνδρῶν
543 3560 938 3643 μνηστήρων
982 3556 1463 3643 κεχολωμένος,
1509 3562 1580 3625 οἵ
1620 3561 1691 3625 οἱ
1732 3564 1987 3645 ἔκειρον
2558 3554 2565 3565 ’
