2650 3909
359 205 487 268 178
1002 226 1044 259 ω
1080 207 1193 275 (24)
1234 204 1471 276 δευτέρα
1509 204 1723 261 νέκυια.

246 387 328 426 120
442 368 560 431 τὸν
610 361 669 431 δ’
714 362 871 432 αὖτε
917 369 1096 452 ψυχὴ
1142 368 1606 453 προσεφώνεεν
1645 361 2185 450 Ἀμφιμέδοντος·

246 492 326 530 122
446 470 821 556 ,,μέμνημαι
866 472 1021 537 τάδε
1066 473 1313 555 πάντα,
1360 470 1757 556 Διοτρεφές,
1810 472 1897 547 ὡς
1944 469 2308 556 ἀγορεύεις·

355 575 462 641 σοὶ
511 573 570 641 δ’
617 576 743 660 ἐγὼ
793 572 867 641 εὖ
914 578 1089 660 μάλα
1135 577 1352 642 πάντα
1397 575 1506 642 καὶ
1553 574 1873 662 ἀτρεκέως
1917 574 2276 659 καταλέξω,

352 680 671 766 ἡμετέρου
717 683 1037 748 θανάτοιο
1085 685 1288 748 κακὸν
1335 681 1553 766 τέλος,
1600 674 1746 748 οἶον
1793 682 2058 765 ἐτύχθη.

16 781 205 849 urum)
246 806 327 846 125
354 785 652 871 μνώμεθ’
697 784 1060 870 Ὀδυσσῆος
1105 788 1233 870 δήν
1280 785 1658 873 οἰχομένοιο
1707 788 2027 872 δάμαρτα·

352 876 512 974 ἠ-δτ
550 890 686 958 οὔτ’
733 894 996 978 ἠρνεῖτο
1045 894 1369 977 στυγερὸν
1416 893 1628 976 γάμον
1676 890 1815 958 οὔτ’
1862 892 2190 975 ἐτελεύτα,

351 996 512 1079 ἡμῖν
559 995 932 1081 φραζομένη
979 997 1280 1063 θάνατον
1326 996 1436 1062 καὶ
1482 1006 1650 1082 κῆρα
1696 996 2047 1081 μέλαιναν,

354 1098 520 1164 ἀλλὰ
568 1101 770 1165 δόλον
816 1098 998 1167 τόνδ’
1045 1102 1252 1167 ἄλλον
1300 1101 1400 1167 ἐνὶ
1446 1101 1644 1187 φρεσὶ
1690 1103 2065 1189 μερμήριξε·

355 1204 726 1289 στησαμένη
773 1204 979 1290 μέγαν
1028 1208 1212 1272 ἰστὸν
1261 1206 1361 1272 ἐνὶ
1407 1209 1795 1293 μεγάροισιν
1838 1208 2112 1292 ὕφαινε,

250 1342 327 1381 130
355 1312 593 1376 λεπτὸν
639 1310 747 1375 καὶ
793 1316 1212 1398 περίμετρον·
1261 1315 1438 1399 ἄφαρ
1487 1312 1546 1378 δ’
1591 1313 1750 1398 ἡμῖν
1797 1312 2113 1397 μετέειπε·

358 1415 644 1500 εκοῦροι,
691 1415 835 1501 ἐμοὶ
881 1427 1280 1504 μνηστῆρες,
1329 1417 1468 1483 ἐπεὶ
1512 1418 1682 1483 θάνε
1729 1421 1874 1495 δῖος
1913 1414 2289 1501 Ὀδυσσεύς,

13 1471 139 1602 ἰωή
153 1495 316 1592 ιν»)
355 1515 609 1604 μίμνετ’
663 1520 1076 1616 ἐπειγόμενοι
1121 1526 1238 1588 τὸν
1287 1522 1448 1607 ἐμὸν
1495 1523 1739 1607 γάμον,
1786 1524 1879 1598 εἰς
1923 1522 1960 1586 ὅ
2005 1546 2078 1587 κε
2123 1532 2335 1609 φᾶρος

358 1624 669 1690 ἐκτελέσω
708 1663 776 1674 -
814 1629 903 1711 μή
950 1652 1064 1711 μοι
1111 1629 1489 1711 μεταμώνια
1534 1624 1767 1711 νήματ’
1809 1628 2038 1711 ὄληται
2075 1666 2141 1674 -

358 1729 617 1815 Λαέρτῃ
662 1731 831 1815 ἥρωι
876 1734 1194 1817 ταφήιον,
1241 1735 1335 1809 εἰς
1378 1733 1486 1797 ὅτε
1532 1731 1647 1797 κέν
1693 1757 1809 1816 μιν

252 1862 328 1903 135
358 1834 532 1921 μοῖρ’
579 1836 738 1920 ὀλοὴ
785 1835 1108 1923 καθέλῃσι
1154 1836 1546 1921 τανηλεγέος
1588 1837 1941 1923 θανάτοιο,

356 1944 444 2024 μή
491 1943 589 2017 τίς
633 1965 746 2025 μοι
790 1943 953 2006 κατὰ
1000 1944 1212 2025 δῆμον
1253 1939 1649 2027 Ἀχαιιάδων
1694 1945 2050 2029 νεμεσήσῃ,

357 2052 435 2110 αι’
469 2069 585 2111 κεν
632 2048 785 2132 ἄτερ
833 2051 1108 2133 σπείρου
1154 2058 1363 2111 κεῖται
1406 2048 1619 2113 πολλὰ
1664 2048 2085 2125 κτεατίσσαςῖ

358 2151 447 2228 ὣς
491 2149 719 2236 ἔφαθ’,
765 2152 925 2235 ἡμῖν
971 2149 1030 2216 δ’
1078 2147 1221 2217 αὖτ’
1276 2151 1656 2218 ἐπεπείθετο
1702 2156 1920 2238 θυμὸς
1964 2152 2249 2240 ἀγήνωρ.

358 2261 525 2322 ἔνθα
570 2256 681 2322 καὶ
725 2258 964 2341 ἠματίη
1012 2255 1133 2343 μὲν
1179 2257 1585 2342 ὑφαίνεσκεν
1629 2256 1838 2342 μέγαν
1885 2260 2101 2341 ἱστόν,

252 2389 331 2429 140
358 2363 598 2440 νύκτας
644 2360 703 2427 δ’
750 2362 1142 2447 ἀλλύεσκεν,
1190 2363 1355 2447 ε’πὴν
1404 2365 1638 2440 δαΐδας
1681 2371 2065 2448 παραθεῖτο.

360 2468 448 2545 ὣς
491 2471 734 2553 τρίετες
778 2465 900 2552 μὲν
946 2471 1144 2552 ἔληθε
1193 2470 1373 2555 δόλῳ
1419 2471 1529 2533 καὶ
1578 2470 1843 2533 ἔπειθεν
1881 2462 2203 2553 Ἀχαιούς·

253 2600 331 2640 142
358 2571 503 2638 ἀλλ’
548 2574 652 2637 ὅτε
698 2572 1008 2659 τέτρατον
1052 2568 1266 2656 ἠλθεν
1314 2575 1457 2649 ἔτος
1500 2570 1609 2636 καὶ
1657 2572 1997 2655 ἐπήλυθον
2044 2567 2241 2657 ὧραι,

253 2706 332 2743 144
357 2676 466 2742 καὶ
509 2680 655 2742 τότε
703 2678 787 2759 δή
832 2700 930 2752 τις
975 2678 1146 2740 ἔειπε
1192 2688 1560 2758 γυναικῶν,
1604 2675 1646 2758 ἢ
1694 2676 1873 2759 σάφα
1916 2674 2079 2760 ᾔδη,

253 2807 330 2848 145
357 2780 465 2847 καὶ
510 2784 632 2865 τήν
676 2778 730 2863 γ’
784 2779 1165 2844 ἀλλύουσαν
1214 2780 1580 2865 ἐφεύρομεν
1625 2771 1875 2861 ἀγλαὸν
1921 2781 2120 2846 ἱστόν.

359 2887 447 2963 ὣς
491 2887 565 2950 τὸ
612 2882 734 2969 μὲν
781 2883 1142 2962 ἐξετέλεσσε
1188 2884 1298 2950 καὶ
1346 2885 1470 2950 οὐκ
1518 2881 1853 2970 ἐθέλουσ’,
1905 2882 2015 2950 ὑπ’
2072 2883 2379 2969 ἀνάγκης.

357 2986 505 3056 εὖθ’
549 2991 590 3074 ἡ
638 3000 851 3076 φᾶρος
897 2990 1177 3075 ἔδειξεν,
1224 2990 1531 3076 ὑφήνασα
1576 2988 1785 3075 μέγαν
1833 2991 2047 3074 ἱστόν,
2090 3007 2094 3012 ’
2214 3012 2322 3062 ι...»

357 3094 668 3180 πλύνασ’,
714 3098 911 3185 ἠελίω
959 3097 1336 3180 ἐναλίγκιον
1382 3093 1457 3180 ἠὲ
1504 3100 1778 3182 σελήνῃ,

358 3205 467 3267 καὶ
512 3206 657 3267 τότε
706 3204 788 3285 δή
835 3199 899 3288 ῤ’
946 3200 1229 3285 Ὀδυσῆα
1274 3196 1472 3279 κἀκός
1515 3208 1730 3267 ποθεν
1773 3203 1977 3284 ῆγαγε
2026 3201 2280 3285 δαίμων

253 3330 332 3370 150
362 3307 570 3390 ἀγροῦ
617 3305 713 3371 ἐπ’
763 3299 1097 3392 ἐσχατιήν,
1145 3308 1261 3372 ὅθι
1309 3309 1575 3390 δώματα
1618 3316 1765 3372 ναῖε
1812 3307 2125 3390 συβώτης.

360 3410 504 3475 ἔνθ’
549 3406 760 3494 ἦλθεν
807 3416 999 3495 φίλος
1042 3413 1189 3489 υίὸς
1228 3410 1586 3495 Ὀδυσσῆος
1629 3414 1847 3475 θείοιο

362 3515 433 3580 ἐκ
479 3516 715 3579 Πύλου
761 3517 1172 3600 ἠμαθόεντος
1220 3519 1342 3583 ἰὼν
1388 3520 1513 3582 σὺν
1560 3513 1672 3599 νηὶ
1719 3520 2024 3602 μελαίνῃ·
