<?xml version="1.0" encoding="UTF-8"?>
<!DOCTYPE html PUBLIC "-//W3C//DTD XHTML 1.0 Transitional//EN"
    "http://www.w3.org/TR/xhtml1/DTD/xhtml1-transitional.dtd">
<html xmlns="http://www.w3.org/1999/xhtml" xml:lang="en" lang="en">
 <head>
  <title>
</title>
<meta http-equiv="Content-Type" content="text/html;charset=utf-8" />
  <meta name='ocr-system' content='tesseract 3.04.00' />
  <meta name='ocr-capabilities' content='ocr_page ocr_carea ocr_par ocr_line ocrx_word'/>
</head>
<body>
  <div class='ocr_page' id='page_1' title='image "./odyssea00unkngoog_0109.png"; bbox 0 0 2650 3909; ppageno 0'>
   <div class='ocr_carea' id='block_1_1' title="bbox 772 237 2319 313">
    <p class='ocr_par' dir='ltr' id='par_1_1' title="bbox 772 237 2319 313">
     <span class='ocr_line' id='line_1_1' title="bbox 772 237 2319 313; baseline 0.004 -21"><span class='ocrx_word' id='word_1_1' title='bbox 772 255 804 292; x_wconf 88' lang='grc' dir='ltr'><strong><em>σ</em></strong></span> <span class='ocrx_word' id='word_1_2' title='bbox 839 241 952 309; x_wconf 90' lang='grc'>(18)</span> <span class='ocrx_word' id='word_1_3' title='bbox 984 237 1287 303; x_wconf 79' lang='grc' dir='ltr'><em>Ὀδυσσέως</em></span> <span class='ocrx_word' id='word_1_4' title='bbox 1321 241 1422 295; x_wconf 77' lang='grc' dir='ltr'><strong><em>καὶ</em></strong></span> <span class='ocrx_word' id='word_1_5' title='bbox 1448 238 1598 312; x_wconf 83' lang='grc' dir='ltr'><strong><em>Ἴρου</em></strong></span> <span class='ocrx_word' id='word_1_6' title='bbox 1633 242 1837 313; x_wconf 73' lang='grc' dir='ltr'><strong><em>πυγμή.</em></strong></span> <span class='ocrx_word' id='word_1_7' title='bbox 2233 241 2319 306; x_wconf 85' lang='grc'><strong><em>93</em></strong></span> 
     </span>
    </p>
   </div>
   <div class='ocr_carea' id='block_1_2' title="bbox 191 376 2611 3647">
    <p class='ocr_par' dir='ltr' id='par_1_2' title="bbox 191 376 2611 3647">
     <span class='ocr_line' id='line_1_2' title="bbox 302 376 2611 493; baseline 0.001 -29"><span class='ocrx_word' id='word_1_8' title='bbox 302 400 545 483; x_wconf 77' lang='grc' dir='ltr'><strong><em>ἥμενος</em></strong></span> <span class='ocrx_word' id='word_1_9' title='bbox 591 392 719 463; x_wconf 81' lang='grc' dir='ltr'><strong><em>ὧδε</em></strong></span> <span class='ocrx_word' id='word_1_10' title='bbox 765 400 973 465; x_wconf 81' lang='grc' dir='ltr'><em>πάθοι</em></span> <span class='ocrx_word' id='word_1_11' title='bbox 1019 400 1423 493; x_wconf 52' lang='grc' dir='ltr'><strong><em>ῥυστακτύος</em></strong></span> <span class='ocrx_word' id='word_1_12' title='bbox 1468 402 1533 481; x_wconf 83' lang='grc' dir='ltr'><strong><em>ἐξ</em></strong></span> <span class='ocrx_word' id='word_1_13' title='bbox 1580 402 1944 487; x_wconf 74' lang='grc' dir='ltr'><strong><em>ἀλεγεινῆςς</em></strong></span> <span class='ocrx_word' id='word_1_14' title='bbox 1973 376 2611 466; x_wconf 51' lang='lat' dir='ltr'><strong><em>lutumst</em></strong></span> 
     </span>
     <span class='ocr_line' id='line_1_3' title="bbox 197 498 2143 592; baseline 0.002 -24"><span class='ocrx_word' id='word_1_15' title='bbox 197 528 277 568; x_wconf 88' lang='grc'><strong><em>225</em></strong></span> <span class='ocrx_word' id='word_1_16' title='bbox 306 505 419 569; x_wconf 89' lang='grc' dir='ltr'><strong><em>σοί</em></strong></span> <span class='ocrx_word' id='word_1_17' title='bbox 458 501 515 568; x_wconf 91' lang='grc' dir='ltr'><strong><em>κ’</em></strong></span> <span class='ocrx_word' id='word_1_18' title='bbox 564 498 789 587; x_wconf 83' lang='grc' dir='ltr'><strong><em>αἶσχος</em></strong></span> <span class='ocrx_word' id='word_1_19' title='bbox 834 505 1012 588; x_wconf 81' lang='grc' dir='ltr'><strong><em>λώβη</em></strong></span> <span class='ocrx_word' id='word_1_20' title='bbox 1059 528 1128 570; x_wconf 93' lang='grc' dir='ltr'><strong><em>τε</em></strong></span> <span class='ocrx_word' id='word_1_21' title='bbox 1175 503 1312 589; x_wconf 90' lang='grc' dir='ltr'><strong><em>μετ’</em></strong></span> <span class='ocrx_word' id='word_1_22' title='bbox 1358 506 1772 592; x_wconf 81' lang='grc' dir='ltr'><em>ἀνθρώποισι</em></span> <span class='ocrx_word' id='word_1_23' title='bbox 1817 507 2143 575; x_wconf 81' lang='grc' dir='ltr'><strong><em>πέλοιτο.“</em></strong></span> 
     </span>
     <span class='ocr_line' id='line_1_4' title="bbox 392 603 2140 696; baseline 0.002 -22"><span class='ocrx_word' id='word_1_24' title='bbox 392 611 513 693; x_wconf 83' lang='grc' dir='ltr'><strong><em>τὴν</em></strong></span> <span class='ocrx_word' id='word_1_25' title='bbox 560 606 619 672; x_wconf 92' lang='grc' dir='ltr'><strong><em>δ’</em></strong></span> <span class='ocrx_word' id='word_1_26' title='bbox 666 603 751 672; x_wconf 87' lang='grc' dir='ltr'><strong><em>αὗ</em></strong></span> <span class='ocrx_word' id='word_1_27' title='bbox 799 608 1171 695; x_wconf 82' lang='grc' dir='ltr'><strong><em>Τηλέμαχος</em></strong></span> <span class='ocrx_word' id='word_1_28' title='bbox 1213 610 1627 695; x_wconf 82' lang='grc' dir='ltr'><strong><em>πεπνυμένος</em></strong></span> <span class='ocrx_word' id='word_1_29' title='bbox 1671 611 1899 678; x_wconf 79' lang='grc' dir='ltr'><strong><em>ἀντίον</em></strong></span> <span class='ocrx_word' id='word_1_30' title='bbox 1942 613 2140 696; x_wconf 77' lang='grc' dir='ltr'><strong><em>ηὔδα·</em></strong></span> 
     </span>
     <span class='ocr_line' id='line_1_5' title="bbox 394 712 2315 803; baseline 0 -23"><span class='ocrx_word' id='word_1_31' title='bbox 394 724 638 799; x_wconf 58' lang='grc' dir='ltr'><strong><em>,μῆτερ</em></strong></span> <span class='ocrx_word' id='word_1_32' title='bbox 687 714 839 798; x_wconf 84' lang='grc' dir='ltr'><strong><em>ἐμή,</em></strong></span> <span class='ocrx_word' id='word_1_33' title='bbox 884 717 957 781; x_wconf 91' lang='grc' dir='ltr'><strong><em>τὸ</em></strong></span> <span class='ocrx_word' id='word_1_34' title='bbox 1006 712 1126 798; x_wconf 73' lang='grc' dir='ltr'><strong><em>μὲν</em></strong></span> <span class='ocrx_word' id='word_1_35' title='bbox 1173 716 1253 781; x_wconf 78' lang='grc' dir='ltr'><strong><em>οὔ</em></strong></span> <span class='ocrx_word' id='word_1_36' title='bbox 1302 732 1375 780; x_wconf 92' lang='grc' dir='ltr'><strong><em>σε</em></strong></span> <span class='ocrx_word' id='word_1_37' title='bbox 1420 728 1833 803; x_wconf 69' lang='grc' dir='ltr'><strong><em>νεμεσσῶμαι</em></strong></span> <span class='ocrx_word' id='word_1_38' title='bbox 1877 722 2315 801; x_wconf 76' lang='grc' dir='ltr'><strong><em>κεχολῶσθαι·</em></strong></span> 
     </span>
     <span class='ocr_line' id='line_1_6' title="bbox 305 817 1809 908; baseline 0.001 -23"><span class='ocrx_word' id='word_1_39' title='bbox 305 821 511 904; x_wconf 83' lang='grc' dir='ltr'><strong><em>αὐτὰρ</em></strong></span> <span class='ocrx_word' id='word_1_40' title='bbox 558 819 686 904; x_wconf 81' lang='grc' dir='ltr'><strong><em>ἐγὼ</em></strong></span> <span class='ocrx_word' id='word_1_41' title='bbox 732 826 930 908; x_wconf 73' lang='grc' dir='ltr'><strong><em>θυμῷ</em></strong></span> <span class='ocrx_word' id='word_1_42' title='bbox 975 819 1145 888; x_wconf 88' lang='grc' dir='ltr'><strong><em>νοέω</em></strong></span> <span class='ocrx_word' id='word_1_43' title='bbox 1190 820 1300 886; x_wconf 87' lang='grc' dir='ltr'><strong><em>καὶ</em></strong></span> <span class='ocrx_word' id='word_1_44' title='bbox 1347 817 1499 888; x_wconf 86' lang='grc' dir='ltr'><strong><em>οἶδα</em></strong></span> <span class='ocrx_word' id='word_1_45' title='bbox 1543 822 1809 907; x_wconf 79' lang='grc' dir='ltr'><strong><em>ἕκαστα,</em></strong></span> 
     </span>
     <span class='ocr_line' id='line_1_7' title="bbox 306 924 2127 1013; baseline 0.002 -23"><span class='ocrx_word' id='word_1_46' title='bbox 306 925 514 990; x_wconf 75' lang='grc' dir='ltr'><strong><em>ἐσθλοὶ</em></strong></span> <span class='ocrx_word' id='word_1_47' title='bbox 558 948 626 990; x_wconf 95' lang='grc' dir='ltr'><strong><em>τε</em></strong></span> <span class='ocrx_word' id='word_1_48' title='bbox 671 924 782 991; x_wconf 87' lang='grc' dir='ltr'><strong><em>καὶ</em></strong></span> <span class='ocrx_word' id='word_1_49' title='bbox 828 927 906 989; x_wconf 82' lang='grc' dir='ltr'><strong><em>τὰ</em></strong></span> <span class='ocrx_word' id='word_1_50' title='bbox 953 925 1199 1012; x_wconf 77' lang='grc' dir='ltr'><strong><em>χέρεια·</em></strong></span> <span class='ocrx_word' id='word_1_51' title='bbox 1244 928 1453 1013; x_wconf 78' lang='grc' dir='ltr'><strong><em>πάρος</em></strong></span> <span class='ocrx_word' id='word_1_52' title='bbox 1500 926 1561 993; x_wconf 93' lang='grc' dir='ltr'><strong><em>δ’</em></strong></span> <span class='ocrx_word' id='word_1_53' title='bbox 1604 931 1700 992; x_wconf 79' lang='grc' dir='ltr'><strong><em>ἔτι</em></strong></span> <span class='ocrx_word' id='word_1_54' title='bbox 1745 931 1980 1012; x_wconf 91' lang='grc' dir='ltr'><strong><em>νήπιος</em></strong></span> <span class='ocrx_word' id='word_1_55' title='bbox 2023 925 2127 1012; x_wconf 79' lang='grc' dir='ltr'><strong><em>ἦα.</em></strong></span> 
     </span>
     <span class='ocr_line' id='line_1_8' title="bbox 197 1031 2069 1117; baseline 0.002 -23"><span class='ocrx_word' id='word_1_56' title='bbox 197 1055 278 1094; x_wconf 79' lang='grc'><strong><em>230</em></strong></span> <span class='ocrx_word' id='word_1_57' title='bbox 305 1031 472 1096; x_wconf 82' lang='grc' dir='ltr'><strong><em>ἀλλά</em></strong></span> <span class='ocrx_word' id='word_1_58' title='bbox 517 1053 618 1096; x_wconf 92' lang='grc' dir='ltr'><strong><em>τοι</em></strong></span> <span class='ocrx_word' id='word_1_59' title='bbox 665 1031 747 1096; x_wconf 84' lang='grc' dir='ltr'><strong><em>οὐ</em></strong></span> <span class='ocrx_word' id='word_1_60' title='bbox 793 1032 1084 1114; x_wconf 90' lang='grc' dir='ltr'><strong><em>δύναμαι</em></strong></span> <span class='ocrx_word' id='word_1_61' title='bbox 1128 1032 1509 1116; x_wconf 80' lang='grc' dir='ltr'><strong><em>πεπνυμένα</em></strong></span> <span class='ocrx_word' id='word_1_62' title='bbox 1553 1035 1766 1098; x_wconf 78' lang='grc' dir='ltr'><strong><em>πάντα</em></strong></span> <span class='ocrx_word' id='word_1_63' title='bbox 1809 1042 2069 1117; x_wconf 85' lang='grc' dir='ltr'><strong><em>νοῆσαι·</em></strong></span> 
     </span>
     <span class='ocr_line' id='line_1_9' title="bbox 304 1136 2076 1222; baseline 0.002 -21"><span class='ocrx_word' id='word_1_64' title='bbox 304 1136 375 1201; x_wconf 78' lang='grc' dir='ltr'><strong><em>ἐκ</em></strong></span> <span class='ocrx_word' id='word_1_65' title='bbox 421 1137 546 1222; x_wconf 79' lang='grc' dir='ltr'><strong><em>γάρ</em></strong></span> <span class='ocrx_word' id='word_1_66' title='bbox 591 1160 670 1221; x_wconf 92' lang='grc' dir='ltr'><strong><em>με</em></strong></span> <span class='ocrx_word' id='word_1_67' title='bbox 717 1140 1085 1220; x_wconf 82' lang='grc' dir='ltr'><strong><em>πλήσσουσι</em></strong></span> <span class='ocrx_word' id='word_1_68' title='bbox 1131 1141 1499 1221; x_wconf 80' lang='grc' dir='ltr'><strong><em>παρήμενοι</em></strong></span> <span class='ocrx_word' id='word_1_69' title='bbox 1545 1141 1833 1205; x_wconf 76' lang='grc' dir='ltr'><strong><em>ἄλλοθεν</em></strong></span> <span class='ocrx_word' id='word_1_70' title='bbox 1878 1141 2076 1216; x_wconf 76' lang='grc' dir='ltr'><strong><em>ἄλλος</em></strong></span> 
     </span>
     <span class='ocr_line' id='line_1_10' title="bbox 303 1224 2371 1349; baseline 0 -43"><span class='ocrx_word' id='word_1_71' title='bbox 303 1233 443 1306; x_wconf 88' lang='grc' dir='ltr'><strong><em>οἶδε</em></strong></span> <span class='ocrx_word' id='word_1_72' title='bbox 489 1242 656 1336; x_wconf 67' lang='lat' dir='ltr'><strong><em>xpm&amp;</em></strong></span> <span class='ocrx_word' id='word_1_73' title='bbox 700 1241 1128 1328; x_wconf 83' lang='grc' dir='ltr'><strong><em>φρονέοντες,</em></strong></span> <span class='ocrx_word' id='word_1_74' title='bbox 1175 1241 1320 1326; x_wconf 81' lang='grc' dir='ltr'><strong><em>ἐμοὶ</em></strong></span> <span class='ocrx_word' id='word_1_75' title='bbox 1368 1242 1427 1307; x_wconf 91' lang='grc' dir='ltr'><strong><em>δ’</em></strong></span> <span class='ocrx_word' id='word_1_76' title='bbox 1475 1244 1614 1349; x_wconf 67' lang='grc' dir='ltr'><strong><em>οὐκι</em></strong></span> <span class='ocrx_word' id='word_1_77' title='bbox 1641 1243 1812 1327; x_wconf 63' lang='grc' dir='ltr'><strong><em>εἰσὶν</em></strong></span> <span class='ocrx_word' id='word_1_78' title='bbox 1858 1244 2125 1331; x_wconf 88' lang='grc' dir='ltr'><strong><em>ἀρωγοί.</em></strong></span> <span class='ocrx_word' id='word_1_79' title='bbox 2195 1224 2371 1349; x_wconf 54' lang='lat' dir='ltr'><strong><em>(ab)</em></strong></span> 
     </span>
     <span class='ocr_line' id='line_1_11' title="bbox 303 1346 2006 1434; baseline 0.001 -22"><span class='ocrx_word' id='word_1_80' title='bbox 303 1347 385 1412; x_wconf 85' lang='grc' dir='ltr'><strong><em>οὐ</em></strong></span> <span class='ocrx_word' id='word_1_81' title='bbox 430 1346 551 1430; x_wconf 87' lang='grc' dir='ltr'><strong><em>μέν</em></strong></span> <span class='ocrx_word' id='word_1_82' title='bbox 598 1371 701 1412; x_wconf 88' lang='grc' dir='ltr'><strong><em>τοι</em></strong></span> <span class='ocrx_word' id='word_1_83' title='bbox 746 1347 964 1425; x_wconf 82' lang='grc' dir='ltr'><strong><em>ξείνου</em></strong></span> <span class='ocrx_word' id='word_1_84' title='bbox 1011 1371 1084 1431; x_wconf 91' lang='grc' dir='ltr'><strong><em>γε</em></strong></span> <span class='ocrx_word' id='word_1_85' title='bbox 1131 1346 1239 1413; x_wconf 83' lang='grc' dir='ltr'><strong><em>καὶ</em></strong></span> <span class='ocrx_word' id='word_1_86' title='bbox 1268 1347 1453 1434; x_wconf 85' lang='grc' dir='ltr'><strong><em>Ἴρου</em></strong></span> <span class='ocrx_word' id='word_1_87' title='bbox 1500 1354 1716 1432; x_wconf 80' lang='grc' dir='ltr'><strong><em>μῶλος</em></strong></span> <span class='ocrx_word' id='word_1_88' title='bbox 1761 1349 2006 1433; x_wconf 78' lang='grc' dir='ltr'><strong><em>ἐτύχθη</em></strong></span> 
     </span>
     <span class='ocr_line' id='line_1_12' title="bbox 302 1451 1990 1539; baseline 0.001 -22"><span class='ocrx_word' id='word_1_89' title='bbox 302 1455 698 1539; x_wconf 86' lang='grc' dir='ltr'><strong><em>μνηστήρων</em></strong></span> <span class='ocrx_word' id='word_1_90' title='bbox 745 1456 949 1537; x_wconf 78' lang='grc' dir='ltr'><strong><em>ἰότητι</em></strong></span> <span class='ocrx_word' id='word_1_91' title='bbox 962 1502 982 1537; x_wconf 99' lang='grc'><strong><em>,</em></strong></span> <span class='ocrx_word' id='word_1_92' title='bbox 1027 1457 1140 1539; x_wconf 78' lang='grc' dir='ltr'><strong><em>βίῃ</em></strong></span> <span class='ocrx_word' id='word_1_93' title='bbox 1187 1451 1248 1517; x_wconf 89' lang='grc' dir='ltr'><strong><em>δ’</em></strong></span> <span class='ocrx_word' id='word_1_94' title='bbox 1294 1454 1331 1518; x_wconf 81' lang='grc' dir='ltr'>ὅ</span> <span class='ocrx_word' id='word_1_95' title='bbox 1377 1476 1450 1536; x_wconf 90' lang='grc' dir='ltr'><strong><em>γε</em></strong></span> <span class='ocrx_word' id='word_1_96' title='bbox 1495 1453 1810 1537; x_wconf 86' lang='grc' dir='ltr'><strong><em>φέρτερος</em></strong></span> <span class='ocrx_word' id='word_1_97' title='bbox 1853 1452 1990 1537; x_wconf 80' lang='grc' dir='ltr'><strong><em>ἦεν.</em></strong></span> 
     </span>
     <span class='ocr_line' id='line_1_13' title="bbox 195 1556 2174 1645; baseline 0.002 -24"><span class='ocrx_word' id='word_1_98' title='bbox 195 1581 274 1621; x_wconf 70' lang='grc'><strong><em>225</em></strong></span> <span class='ocrx_word' id='word_1_99' title='bbox 302 1559 375 1622; x_wconf 80' lang='grc' dir='ltr'><strong><em>αἲ</em></strong></span> <span class='ocrx_word' id='word_1_100' title='bbox 415 1559 573 1642; x_wconf 79' lang='grc' dir='ltr'><strong><em>γάρ,</em></strong></span> <span class='ocrx_word' id='word_1_101' title='bbox 622 1562 754 1623; x_wconf 85' lang='grc' dir='ltr'><strong><em>Ζεῦ</em></strong></span> <span class='ocrx_word' id='word_1_102' title='bbox 799 1581 866 1623; x_wconf 95' lang='grc' dir='ltr'><strong><em>τε</em></strong></span> <span class='ocrx_word' id='word_1_103' title='bbox 913 1559 1121 1645; x_wconf 35' lang='grc' dir='ltr'><strong><em>πάτερ,</em></strong></span> <span class='ocrx_word' id='word_1_104' title='bbox 1158 1556 1269 1623; x_wconf 85' lang='grc' dir='ltr'><strong><em>καὶ</em></strong></span> <span class='ocrx_word' id='word_1_105' title='bbox 1307 1556 1627 1644; x_wconf 78' lang='grc' dir='ltr'><strong><em>Ἀθηναίη</em></strong></span> <span class='ocrx_word' id='word_1_106' title='bbox 1674 1557 1783 1625; x_wconf 83' lang='grc' dir='ltr'><strong><em>κἀὶ</em></strong></span> <span class='ocrx_word' id='word_1_107' title='bbox 1810 1558 2174 1644; x_wconf 74' lang='grc' dir='ltr'><strong><em>Ἄπολλον,</em></strong></span> 
     </span>
     <span class='ocr_line' id='line_1_14' title="bbox 303 1662 1911 1749; baseline 0.001 -21"><span class='ocrx_word' id='word_1_108' title='bbox 303 1663 473 1728; x_wconf 79' lang='grc' dir='ltr'><strong><em>οὕτω</em></strong></span> <span class='ocrx_word' id='word_1_109' title='bbox 520 1673 648 1729; x_wconf 87' lang='grc' dir='ltr'><strong><em>νῦν</em></strong></span> <span class='ocrx_word' id='word_1_110' title='bbox 694 1673 1059 1749; x_wconf 78' lang='grc' dir='ltr'><strong><em>μνηστῆρες</em></strong></span> <span class='ocrx_word' id='word_1_111' title='bbox 1104 1663 1176 1729; x_wconf 82' lang='grc' dir='ltr'><strong><em>ἐν</em></strong></span> <span class='ocrx_word' id='word_1_112' title='bbox 1223 1662 1597 1748; x_wconf 81' lang='grc' dir='ltr'><strong><em>ἡμετέροισι</em></strong></span> <span class='ocrx_word' id='word_1_113' title='bbox 1649 1667 1911 1749; x_wconf 83' lang='grc' dir='ltr'><strong><em>δόμοισι</em></strong></span> 
     </span>
     <span class='ocr_line' id='line_1_15' title="bbox 298 1767 2017 1856; baseline 0.002 -23"><span class='ocrx_word' id='word_1_114' title='bbox 298 1770 562 1847; x_wconf 87' lang='grc' dir='ltr'><strong><em>νεύοιεν</em></strong></span> <span class='ocrx_word' id='word_1_115' title='bbox 606 1771 894 1853; x_wconf 82' lang='grc' dir='ltr'><strong><em>κεφαλὰς</em></strong></span> <span class='ocrx_word' id='word_1_116' title='bbox 939 1768 1371 1853; x_wconf 77' lang='grc' dir='ltr'><strong><em>δεδμημένοι,</em></strong></span> <span class='ocrx_word' id='word_1_117' title='bbox 1418 1771 1489 1835; x_wconf 78' lang='grc' dir='ltr'><strong><em>οἱ</em></strong></span> <span class='ocrx_word' id='word_1_118' title='bbox 1529 1767 1651 1854; x_wconf 77' lang='grc' dir='ltr'><strong><em>μὲν</em></strong></span> <span class='ocrx_word' id='word_1_119' title='bbox 1698 1770 1771 1836; x_wconf 81' lang='grc' dir='ltr'><strong><em>ἐν</em></strong></span> <span class='ocrx_word' id='word_1_120' title='bbox 1818 1771 2017 1856; x_wconf 77' lang='grc' dir='ltr'><strong><em>αὐλῇ,</em></strong></span> 
     </span>
     <span class='ocr_line' id='line_1_16' title="bbox 302 1871 2067 1961; baseline 0.002 -23"><span class='ocrx_word' id='word_1_121' title='bbox 302 1874 374 1939; x_wconf 83' lang='grc' dir='ltr'><strong><em>οί</em></strong></span> <span class='ocrx_word' id='word_1_122' title='bbox 414 1871 474 1938; x_wconf 87' lang='grc' dir='ltr'><strong><em>δ’</em></strong></span> <span class='ocrx_word' id='word_1_123' title='bbox 520 1877 796 1940; x_wconf 88' lang='grc' dir='ltr'><strong><em>ἔντοσθε</em></strong></span> <span class='ocrx_word' id='word_1_124' title='bbox 845 1876 1109 1958; x_wconf 87' lang='grc' dir='ltr'><strong><em>δόμοιο,</em></strong></span> <span class='ocrx_word' id='word_1_125' title='bbox 1154 1880 1388 1941; x_wconf 85' lang='grc' dir='ltr'><strong><em>λελῦτο</em></strong></span> <span class='ocrx_word' id='word_1_126' title='bbox 1436 1872 1512 1940; x_wconf 70' lang='grc' dir='ltr'><strong><em>δὲ</em></strong></span> <span class='ocrx_word' id='word_1_127' title='bbox 1557 1886 1713 1959; x_wconf 78' lang='grc' dir='ltr'><strong><em>γυῖα</em></strong></span> <span class='ocrx_word' id='word_1_128' title='bbox 1760 1873 2067 1961; x_wconf 79' lang='grc' dir='ltr'><strong><em>ἑκάστου,</em></strong></span> 
     </span>
     <span class='ocr_line' id='line_1_17' title="bbox 301 1972 1846 2069; baseline 0.002 -25"><span class='ocrx_word' id='word_1_129' title='bbox 301 1978 389 2055; x_wconf 78' lang='grc' dir='ltr'><strong><em>ὡς</em></strong></span> <span class='ocrx_word' id='word_1_130' title='bbox 431 1988 560 2044; x_wconf 83' lang='grc' dir='ltr'><strong><em>νῦν</em></strong></span> <span class='ocrx_word' id='word_1_131' title='bbox 592 1972 763 2065; x_wconf 84' lang='grc' dir='ltr'><strong><em>Ἶρος</em></strong></span> <span class='ocrx_word' id='word_1_132' title='bbox 806 1992 1023 2056; x_wconf 80' lang='grc' dir='ltr'><strong><em>κεῖνος</em></strong></span> <span class='ocrx_word' id='word_1_133' title='bbox 1068 1975 1167 2045; x_wconf 83' lang='grc' dir='ltr'><strong><em>ἐπ’</em></strong></span> <span class='ocrx_word' id='word_1_134' title='bbox 1211 1981 1511 2068; x_wconf 82' lang='grc' dir='ltr'><strong><em>αὐλείῃσι</em></strong></span> <span class='ocrx_word' id='word_1_135' title='bbox 1556 1983 1846 2069; x_wconf 83' lang='grc' dir='ltr'><strong><em>θύρῃσιν</em></strong></span> 
     </span>
     <span class='ocr_line' id='line_1_18' title="bbox 193 2079 1911 2170; baseline 0.003 -23"><span class='ocrx_word' id='word_1_136' title='bbox 193 2108 271 2147; x_wconf 80' lang='lat'><strong><em>240</em></strong></span> <span class='ocrx_word' id='word_1_137' title='bbox 299 2079 492 2167; x_wconf 83' lang='grc' dir='ltr'><strong><em>ἧσται</em></strong></span> <span class='ocrx_word' id='word_1_138' title='bbox 536 2086 908 2163; x_wconf 78' lang='grc' dir='ltr'><strong><em>νευστάζων</em></strong></span> <span class='ocrx_word' id='word_1_139' title='bbox 952 2090 1236 2170; x_wconf 77' lang='grc' dir='ltr'><strong><em>κεφαλῇ,</em></strong></span> <span class='ocrx_word' id='word_1_140' title='bbox 1283 2088 1606 2169; x_wconf 88' lang='grc' dir='ltr'><strong><em>μεθύοντι</em></strong></span> <span class='ocrx_word' id='word_1_141' title='bbox 1655 2086 1911 2170; x_wconf 78' lang='grc' dir='ltr'><strong><em>ἐοικώς,</em></strong></span> 
     </span>
     <span class='ocr_line' id='line_1_19' title="bbox 301 2187 2067 2276; baseline 0.001 -21"><span class='ocrx_word' id='word_1_142' title='bbox 301 2187 445 2255; x_wconf 82' lang='grc' dir='ltr'><strong><em>οὐδ’</em></strong></span> <span class='ocrx_word' id='word_1_143' title='bbox 492 2190 699 2276; x_wconf 87' lang='grc' dir='ltr'><strong><em>ὀρθὸς</em></strong></span> <span class='ocrx_word' id='word_1_144' title='bbox 746 2192 1023 2255; x_wconf 88' lang='grc' dir='ltr'><strong><em>δύναται</em></strong></span> <span class='ocrx_word' id='word_1_145' title='bbox 1070 2200 1302 2273; x_wconf 85' lang='grc' dir='ltr'><strong><em>στῆναι</em></strong></span> <span class='ocrx_word' id='word_1_146' title='bbox 1344 2190 1545 2256; x_wconf 86' lang='grc' dir='ltr'><strong><em>ποσὶν</em></strong></span> <span class='ocrx_word' id='word_1_147' title='bbox 1592 2188 1750 2257; x_wconf 73' lang='grc' dir='ltr'><strong><em>οὐδὲ</em></strong></span> <span class='ocrx_word' id='word_1_148' title='bbox 1794 2190 2067 2258; x_wconf 88' lang='grc' dir='ltr'><strong><em>νέεσθαι</em></strong></span> 
     </span>
     <span class='ocr_line' id='line_1_20' title="bbox 300 2292 2149 2381; baseline 0.002 -22"><span class='ocrx_word' id='word_1_149' title='bbox 300 2292 541 2378; x_wconf 80' lang='grc' dir='ltr'><strong><em>οἴκαδ’,</em></strong></span> <span class='ocrx_word' id='word_1_150' title='bbox 587 2295 716 2381; x_wconf 79' lang='grc' dir='ltr'><strong><em>ὅπῃ</em></strong></span> <span class='ocrx_word' id='word_1_151' title='bbox 762 2296 834 2360; x_wconf 77' lang='grc' dir='ltr'><strong><em>οἰ</em></strong></span> <span class='ocrx_word' id='word_1_152' title='bbox 871 2298 1135 2378; x_wconf 90' lang='grc' dir='ltr'><strong><em>νόστος,</em></strong></span> <span class='ocrx_word' id='word_1_153' title='bbox 1182 2293 1322 2360; x_wconf 80' lang='grc' dir='ltr'><strong><em>ἐπεὶ</em></strong></span> <span class='ocrx_word' id='word_1_154' title='bbox 1369 2298 1532 2380; x_wconf 85' lang='grc' dir='ltr'><strong><em>φίλα</em></strong></span> <span class='ocrx_word' id='word_1_155' title='bbox 1575 2308 1734 2380; x_wconf 78' lang='grc' dir='ltr'><strong><em>γυῖα</em></strong></span> <span class='ocrx_word' id='word_1_156' title='bbox 1780 2295 2149 2362; x_wconf 83' lang='grc' dir='ltr'><strong><em>λέλυνται.“</em></strong></span> 
     </span>
     <span class='ocr_line' id='line_1_21' title="bbox 389 2397 2038 2487; baseline 0.002 -24"><span class='ocrx_word' id='word_1_157' title='bbox 389 2398 479 2475; x_wconf 77' lang='grc' dir='ltr'><strong><em>ὣς</em></strong></span> <span class='ocrx_word' id='word_1_158' title='bbox 524 2401 596 2464; x_wconf 79' lang='grc' dir='ltr'><strong><em>οἱ</em></strong></span> <span class='ocrx_word' id='word_1_159' title='bbox 634 2397 755 2483; x_wconf 78' lang='grc' dir='ltr'><strong><em>μὲν</em></strong></span> <span class='ocrx_word' id='word_1_160' title='bbox 800 2409 1071 2467; x_wconf 82' lang='grc' dir='ltr'><strong><em>τοιαῦτα</em></strong></span> <span class='ocrx_word' id='word_1_161' title='bbox 1113 2402 1278 2485; x_wconf 90' lang='grc' dir='ltr'><strong><em>πρὸς</em></strong></span> <span class='ocrx_word' id='word_1_162' title='bbox 1324 2400 1651 2484; x_wconf 83' lang='grc' dir='ltr'><strong><em>ἀλλήλους</em></strong></span> <span class='ocrx_word' id='word_1_163' title='bbox 1696 2401 2038 2487; x_wconf 80' lang='grc' dir='ltr'><strong><em>ἀγόρευον.</em></strong></span> 
     </span>
     <span class='ocr_line' id='line_1_22' title="bbox 298 2501 2024 2591; baseline 0.002 -23"><span class='ocrx_word' id='word_1_164' title='bbox 298 2505 693 2590; x_wconf 82' lang='grc' dir='ltr'><strong><em>Εὐρύμαχος</em></strong></span> <span class='ocrx_word' id='word_1_165' title='bbox 738 2501 799 2569; x_wconf 92' lang='grc' dir='ltr'><strong><em>δ’</em></strong></span> <span class='ocrx_word' id='word_1_166' title='bbox 844 2503 1103 2570; x_wconf 83' lang='grc' dir='ltr'><strong><em>ἐπέεσσι</em></strong></span> <span class='ocrx_word' id='word_1_167' title='bbox 1144 2507 1492 2591; x_wconf 88' lang='grc' dir='ltr'><strong><em>προσηύδα</em></strong></span> <span class='ocrx_word' id='word_1_168' title='bbox 1537 2508 2024 2589; x_wconf 86' lang='grc' dir='ltr'><strong><em>Πηνελόπειαν·</em></strong></span> 
     </span>
     <span class='ocr_line' id='line_1_23' title="bbox 191 2606 1893 2696; baseline 0.002 -23"><span class='ocrx_word' id='word_1_169' title='bbox 191 2633 273 2674; x_wconf 72' lang='grc'><strong><em>245</em></strong></span> <span class='ocrx_word' id='word_1_170' title='bbox 391 2611 642 2694; x_wconf 87' lang='grc' dir='ltr'><strong><em>,,κούρη</em></strong></span> <span class='ocrx_word' id='word_1_171' title='bbox 684 2606 1023 2696; x_wconf 89' lang='grc' dir='ltr'><strong><em>Ἰκαρίοιο,</em></strong></span> <span class='ocrx_word' id='word_1_172' title='bbox 1072 2614 1399 2696; x_wconf 89' lang='grc' dir='ltr'><strong><em>περίφρον</em></strong></span> <span class='ocrx_word' id='word_1_173' title='bbox 1444 2615 1893 2695; x_wconf 86' lang='grc' dir='ltr'><strong><em>Πηνελόπεια,</em></strong></span> 
     </span>
     <span class='ocr_line' id='line_1_24' title="bbox 299 2710 2313 2828; baseline 0.002 -48"><span class='ocrx_word' id='word_1_174' title='bbox 299 2717 363 2780; x_wconf 80' lang='grc' dir='ltr'><strong><em>εἰ</em></strong></span> <span class='ocrx_word' id='word_1_175' title='bbox 404 2714 642 2792; x_wconf 76' lang='grc' dir='ltr'><strong><em>πάντές</em></strong></span> <span class='ocrx_word' id='word_1_176' title='bbox 688 2732 760 2780; x_wconf 92' lang='grc' dir='ltr'><strong><em>σε</em></strong></span> <span class='ocrx_word' id='word_1_177' title='bbox 808 2718 1015 2781; x_wconf 79' lang='grc' dir='ltr'><strong><em>ἴδοιεν</em></strong></span> <span class='ocrx_word' id='word_1_178' title='bbox 1062 2713 1165 2782; x_wconf 89' lang='grc' dir='ltr'><strong><em>ἀν’</em></strong></span> <span class='ocrx_word' id='word_1_179' title='bbox 1203 2714 1431 2807; x_wconf 65' lang='grc' dir='ltr'><strong><em>Ἴασον</em></strong></span> <span class='ocrx_word' id='word_1_180' title='bbox 1464 2715 1701 2801; x_wconf 82' lang='grc' dir='ltr'><strong><em>’Ἀργος</em></strong></span> <span class='ocrx_word' id='word_1_181' title='bbox 1739 2714 2015 2802; x_wconf 80' lang='grc' dir='ltr'><strong><em>Ἀχαιοί,</em></strong></span> <span class='ocrx_word' id='word_1_182' title='bbox 2123 2710 2313 2828; x_wconf 44' lang='lat' dir='ltr'><strong><em>(aoht)</em></strong></span> 
     </span>
     <span class='ocr_line' id='line_1_25' title="bbox 299 2820 1991 2908; baseline 0.001 -22"><span class='ocrx_word' id='word_1_183' title='bbox 299 2820 571 2897; x_wconf 83' lang='grc' dir='ltr'><strong><em>πλέονές</em></strong></span> <span class='ocrx_word' id='word_1_184' title='bbox 615 2844 688 2885; x_wconf 90' lang='grc' dir='ltr'><strong><em>κε</em></strong></span> <span class='ocrx_word' id='word_1_185' title='bbox 735 2829 1101 2906; x_wconf 85' lang='grc' dir='ltr'><strong><em>μνηστῆρες</em></strong></span> <span class='ocrx_word' id='word_1_186' title='bbox 1146 2820 1220 2886; x_wconf 82' lang='grc' dir='ltr'><strong><em>ἐν</em></strong></span> <span class='ocrx_word' id='word_1_187' title='bbox 1263 2821 1638 2908; x_wconf 82' lang='grc' dir='ltr'><strong><em>ὑμετέροισι</em></strong></span> <span class='ocrx_word' id='word_1_188' title='bbox 1685 2825 1991 2907; x_wconf 86' lang='grc' dir='ltr'><strong><em>δόμοισιν</em></strong></span> 
     </span>
     <span class='ocr_line' id='line_1_26' title="bbox 299 2922 1803 3012; baseline 0.001 -21"><span class='ocrx_word' id='word_1_189' title='bbox 299 2927 524 3008; x_wconf 82' lang='grc' dir='ltr'><strong><em>ἠῶθεν</em></strong></span> <span class='ocrx_word' id='word_1_190' title='bbox 570 2922 900 3009; x_wconf 89' lang='grc' dir='ltr'><strong><em>δαινύατ’,</em></strong></span> <span class='ocrx_word' id='word_1_191' title='bbox 946 2924 1085 2991; x_wconf 82' lang='grc' dir='ltr'><strong><em>ἐπεὶ</em></strong></span> <span class='ocrx_word' id='word_1_192' title='bbox 1129 2931 1425 3012; x_wconf 90' lang='grc' dir='ltr'><strong><em>περίεσσι</em></strong></span> <span class='ocrx_word' id='word_1_193' title='bbox 1469 2938 1803 3011; x_wconf 81' lang='grc' dir='ltr'><strong><em>γυναικῶν</em></strong></span> 
     </span>
     <span class='ocr_line' id='line_1_27' title="bbox 300 3027 1997 3117; baseline -0.001 -20"><span class='ocrx_word' id='word_1_194' title='bbox 300 3027 478 3108; x_wconf 87' lang='grc' dir='ltr'><strong><em>εἶδός</em></strong></span> <span class='ocrx_word' id='word_1_195' title='bbox 521 3054 590 3097; x_wconf 91' lang='grc' dir='ltr'><strong><em>τε</em></strong></span> <span class='ocrx_word' id='word_1_196' title='bbox 637 3029 918 3115; x_wconf 86' lang='grc' dir='ltr'><strong><em>μέγεθός</em></strong></span> <span class='ocrx_word' id='word_1_197' title='bbox 961 3054 1028 3095; x_wconf 88' lang='grc' dir='ltr'><strong><em>τε</em></strong></span> <span class='ocrx_word' id='word_1_198' title='bbox 1077 3028 1177 3096; x_wconf 74' lang='grc' dir='ltr'><strong><em>ἰδὲ</em></strong></span> <span class='ocrx_word' id='word_1_199' title='bbox 1221 3031 1469 3117; x_wconf 83' lang='grc' dir='ltr'><strong><em>φρένας</em></strong></span> <span class='ocrx_word' id='word_1_200' title='bbox 1514 3034 1713 3098; x_wconf 81' lang='grc' dir='ltr'><strong><em>ἔνδον</em></strong></span> <span class='ocrx_word' id='word_1_201' title='bbox 1760 3031 1997 3109; x_wconf 80' lang='grc' dir='ltr'><strong><em>ἑίσας.“</em></strong></span> 
     </span>
     <span class='ocr_line' id='line_1_28' title="bbox 195 3132 2090 3223; baseline 0.001 -23"><span class='ocrx_word' id='word_1_202' title='bbox 195 3159 274 3200; x_wconf 82' lang='grc'><strong><em>250</em></strong></span> <span class='ocrx_word' id='word_1_203' title='bbox 391 3139 509 3203; x_wconf 88' lang='grc' dir='ltr'><strong><em>τὸν</em></strong></span> <span class='ocrx_word' id='word_1_204' title='bbox 554 3135 615 3202; x_wconf 85' lang='grc' dir='ltr'><strong><em>δ’</em></strong></span> <span class='ocrx_word' id='word_1_205' title='bbox 661 3132 944 3220; x_wconf 83' lang='grc' dir='ltr'><strong><em>ἠμείβετ’</em></strong></span> <span class='ocrx_word' id='word_1_206' title='bbox 991 3137 1211 3202; x_wconf 79' lang='grc' dir='ltr'><strong><em>ἔπειτα</em></strong></span> <span class='ocrx_word' id='word_1_207' title='bbox 1256 3142 1600 3223; x_wconf 83' lang='grc' dir='ltr'><strong><em>περίφρων</em></strong></span> <span class='ocrx_word' id='word_1_208' title='bbox 1646 3140 2090 3220; x_wconf 86' lang='grc' dir='ltr'><strong><em>Πηνελόπεια·</em></strong></span> 
     </span>
     <span class='ocr_line' id='line_1_29' title="bbox 391 3236 2188 3328; baseline -0.001 -20"><span class='ocrx_word' id='word_1_209' title='bbox 391 3239 807 3328; x_wconf 80' lang='grc' dir='ltr'><strong><em>,,Εὐρύμαχ’,</em></strong></span> <span class='ocrx_word' id='word_1_210' title='bbox 851 3243 998 3325; x_wconf 79' lang='grc' dir='ltr'><strong><em>ἤτοι</em></strong></span> <span class='ocrx_word' id='word_1_211' title='bbox 1045 3236 1208 3325; x_wconf 79' lang='grc' dir='ltr'><strong><em>ἐμὴν</em></strong></span> <span class='ocrx_word' id='word_1_212' title='bbox 1253 3242 1495 3328; x_wconf 83' lang='grc' dir='ltr'><strong><em>ἀρετὴν</em></strong></span> <span class='ocrx_word' id='word_1_213' title='bbox 1540 3240 1717 3320; x_wconf 86' lang='grc' dir='ltr'><strong><em>εἶδός</em></strong></span> <span class='ocrx_word' id='word_1_214' title='bbox 1761 3266 1830 3307; x_wconf 95' lang='grc' dir='ltr'><strong><em>τε</em></strong></span> <span class='ocrx_word' id='word_1_215' title='bbox 1879 3240 2078 3325; x_wconf 87' lang='grc' dir='ltr'><strong><em>δέμας</em></strong></span> <span class='ocrx_word' id='word_1_216' title='bbox 2121 3266 2188 3307; x_wconf 90' lang='grc' dir='ltr'><strong><em>τε</em></strong></span> 
     </span>
     <span class='ocr_line' id='line_1_30' title="bbox 302 3344 2474 3435; baseline -0 -23"><span class='ocrx_word' id='word_1_217' title='bbox 302 3349 556 3414; x_wconf 74' lang='grc' dir='ltr'><strong><em>ὤλεσαν</em></strong></span> <span class='ocrx_word' id='word_1_218' title='bbox 603 3348 960 3432; x_wconf 77' lang='grc' dir='ltr'><strong><em>ἀθάνατοι,</em></strong></span> <span class='ocrx_word' id='word_1_219' title='bbox 1005 3347 1113 3412; x_wconf 80' lang='grc' dir='ltr'><strong><em>ὅτε</em></strong></span> <span class='ocrx_word' id='word_1_220' title='bbox 1141 3346 1350 3414; x_wconf 87' lang='grc' dir='ltr'><strong><em>Ἴλιον</em></strong></span> <span class='ocrx_word' id='word_1_221' title='bbox 1395 3348 1853 3435; x_wconf 46' lang='grc' dir='ltr'><strong><em>είσατρέβᾳινον</em></strong></span> <span class='ocrx_word' id='word_1_222' title='bbox 2195 3344 2474 3411; x_wconf 45' lang='grc' dir='ltr'><strong><em>μόνω</em></strong></span> 
     </span>
     <span class='ocr_line' id='line_1_31' title="bbox 296 3448 2141 3541; baseline 0.002 -24"><span class='ocrx_word' id='word_1_223' title='bbox 296 3451 608 3539; x_wconf 78' lang='grc' dir='ltr'><strong><em>Ἀργεῖοι,</em></strong></span> <span class='ocrx_word' id='word_1_224' title='bbox 654 3455 813 3538; x_wconf 80' lang='grc' dir='ltr'><strong><em>μετὰ</em></strong></span> <span class='ocrx_word' id='word_1_225' title='bbox 858 3465 1031 3520; x_wconf 78' lang='grc' dir='ltr'><strong><em>τοῖσι</em></strong></span> <span class='ocrx_word' id='word_1_226' title='bbox 1077 3451 1139 3519; x_wconf 86' lang='grc' dir='ltr'><strong><em>δ’</em></strong></span> <span class='ocrx_word' id='word_1_227' title='bbox 1184 3455 1338 3538; x_wconf 80' lang='grc' dir='ltr'><strong><em>ἐμὸς</em></strong></span> <span class='ocrx_word' id='word_1_228' title='bbox 1381 3458 1572 3531; x_wconf 89' lang='grc' dir='ltr'><strong><em>πόσις</em></strong></span> <span class='ocrx_word' id='word_1_229' title='bbox 1615 3448 1735 3541; x_wconf 76' lang='grc' dir='ltr'><strong><em>ᾖεν</em></strong></span> <span class='ocrx_word' id='word_1_230' title='bbox 1772 3452 2141 3533; x_wconf 88' lang='grc' dir='ltr'><strong><em>Ὀδυσσεύς.</em></strong></span> 
     </span>
     <span class='ocr_line' id='line_1_32' title="bbox 301 3557 2085 3647; baseline 0.002 -25"><span class='ocrx_word' id='word_1_231' title='bbox 301 3561 364 3623; x_wconf 78' lang='grc' dir='ltr'><strong><em>εἰ</em></strong></span> <span class='ocrx_word' id='word_1_232' title='bbox 404 3562 623 3636; x_wconf 80' lang='grc' dir='ltr'><strong><em>κεῖνός</em></strong></span> <span class='ocrx_word' id='word_1_233' title='bbox 666 3557 728 3641; x_wconf 87' lang='grc' dir='ltr'><strong><em>γ’</em></strong></span> <span class='ocrx_word' id='word_1_234' title='bbox 781 3560 1002 3627; x_wconf 81' lang='grc' dir='ltr'><strong><em>ἐλθὼν</em></strong></span> <span class='ocrx_word' id='word_1_235' title='bbox 1046 3563 1164 3627; x_wconf 86' lang='grc' dir='ltr'><strong><em>τὸν</em></strong></span> <span class='ocrx_word' id='word_1_236' title='bbox 1211 3561 1373 3645; x_wconf 85' lang='grc' dir='ltr'><strong><em>έμὸν</em></strong></span> <span class='ocrx_word' id='word_1_237' title='bbox 1416 3564 1569 3645; x_wconf 89' lang='grc' dir='ltr'><strong><em>βίον</em></strong></span> <span class='ocrx_word' id='word_1_238' title='bbox 1614 3561 2085 3647; x_wconf 87' lang='grc' dir='ltr'><strong><em>ἀμφιπολεύοι,</em></strong></span> 
     </span>
    </p>
   </div>
  </div>
 </body>
</html>
