2650 3909
348 230 479 294 126
801 250 836 283 v
873 231 986 299 (20)
1022 228 1094 283 τὰ
1128 228 1239 298 πρὸ
1275 236 1374 297 τῆς
1409 228 1916 297 μνηστηροφονίας.

347 400 478 456 νῦν
523 387 584 455 δ’
629 390 704 454 αἰ
742 387 863 473 μὲν
911 393 1210 473 γίνονται
1257 386 1656 478 ἀθέσφατοι,
1703 386 1869 453 οὐδέ
1908 410 2023 451 κεν
2069 304 2636 463 ἄλέωςμψωωὶωέη

347 495 552 580 ἀνδρί
589 493 649 578 γ’
694 495 1175 579 ὑποσταχύοιτο
1223 497 1406 577 βοῶν
1450 491 1646 575 γένος
1692 480 2526 578 εὐρυμετώπωνῦκαωιωι
2642 560 2644 564 ¹

347 602 461 677 τὰς
508 593 567 664 δ’
611 601 808 666 ἄλλοί
847 623 926 683 με
971 599 1274 665 κέλονται
1321 597 1703 682 ἀγινέμεναι
1750 601 1980 682 σφίσιν
2027 597 2250 674 αὐτοῖς

349 692 643 789 ἔδμεναι·
692 703 854 771 οὐδέ
884 728 957 778 ,τι
1001 707 1238 780 παιδὸς
1283 701 1385 769 ἐνὶ
1431 702 1741 789 μεγάροις
1786 701 2138 787 ἀλέγουσιν

242 834 320 874 215
349 808 493 877 οὐδ’
540 812 738 875 ὄπιδα
781 809 1136 896 τρομέουσι
1182 817 1391 874 θεῶν·
1438 809 1719 893 μεμάασι
1765 809 1892 893 γὰρ
1938 810 2065 893 ἤδη

347 919 636 1001 κτήματα
683 916 1060 980 δάσσασθαι
1109 916 1235 998 δὴν
1282 912 1657 999 οἰχομένοιο
1705 914 1999 990 ἄνακτος.

350 1021 553 1106 αὐτᾶςρ
603 1017 747 1104 ἐμοὶ
790 1023 944 1086 τόδε
988 1022 1207 1103 θυμὸς
1252 1017 1354 1084 ἐνὶ
1399 1022 1716 1103 στήθεσσι
1761 1023 2014 1103 φίλοισι

349 1123 537 1192 πόλλ’
587 1125 1001 1202 ἐπιδινεῖται·
1047 1125 1230 1222 μάλα,
1268 1121 1391 1209 μὲν
1437 1126 1641 1190 κακὸν
1686 1116 1833 1201 υἷος
1880 1111 2484 1208 ἐόντοςΙίαᾼνεῖῖννιηιλζ
2499 1128 2645 1244 ρων).

288 1299 297 1303 ,
350 1232 569 1297 ἄλλων
615 1232 829 1315 δῆμον
876 1229 1171 1313 ἱκέσθαι,
1219 1223 1383 1316 ἰόντ’
1428 1229 1662 1314 αὐτῇσι
1708 1232 2010 1313 βόεσσιν,

244 1360 323 1400 220
350 1337 597 1421 ἄνδρας
644 1334 710 1413 ἐς
755 1335 1198 1412 ἀλλοδαπούς·
1243 1337 1320 1404 τὸ
1370 1333 1444 1400 δὲ
1490 1335 1742 1418 ῥίγιον,
1787 1329 1952 1399 αὖθι
1998 1334 2279 1419 μένοντα

350 1439 588 1525 βουσὶν
608 1474 613 1478 ·
634 1438 733 1506 ἐπ’
776 1440 1158 1526 ἀλλοτρίῃσι
1204 1442 1589 1524 καθήμενον
1636 1442 1837 1522 ἄλγεα
1882 1440 2172 1524 πάσχειν.

351 1550 467 1611 καί
504 1570 619 1619 κεν
666 1547 748 1631 δὴ
795 1546 996 1611 πάλαι
1041 1547 1247 1622 ἄλλον
1293 1544 1718 1631 ὑπερμενέων
1766 1549 2103 1629 βασιλήων

346 1651 658 1737 Ιἐξικόμην
703 1654 1002 1737 φεύγων,
1050 1649 1187 1715 ἐπεὶ
1235 1647 1450 1716 οὐκέτ’
1494 1649 1730 1716 ἀνεκτὰ
1774 1648 2109 1716 πέλονται·

352 1754 493 1823 ἀλλ’
539 1759 633 1821 ἔτι
679 1757 795 1821 τὸν
842 1756 1174 1838 δύστηνον
1221 1755 1474 1839 ὀιζρμαι,
1521 1761 1590 1819 εἴ
1625 1761 1837 1819 ποθεν
1887 1753 2105 1818 ἐλθὼν
2162 1740 2385 1829 ost-W

246 1884 326 1926 22⁶
353 1860 619 1942 ἀνδρῶν
664 1864 1058 1945 μνηστήρων
1104 1858 1416 1925 σκέδασιν
1462 1860 1625 1924 κατὰ
1670 1859 1937 1942 δώματα
1982 1860 2197 1941 θείη.“

441 1969 557 2033 τὸν
604 1964 667 2031 δ’
709 1965 1229 2050 ἀπαμειβόμενος
1264 1964 1561 2049 προσέφη
1600 1966 1961 2047 πολύμητις
1990 1961 2366 2041 Ὀδυσσεύς·

442 2069 782 2156 ,,βουκόλ’,
829 2069 970 2136 ἐπεὶ
1017 2071 1168 2135 οὔτε
1214 2079 1392 2157 κακῷ
1441 2067 1582 2136 οὔτ’
1626 2070 1871 2152 ἄφρονι
1916 2067 2087 2153 φωτὶ
2133 2072 2369 2153 ἔοικας,

353 2178 652 2262 γινώσκω
700 2172 775 2240 δὲ
819 2173 929 2241 καὶ
976 2176 1171 2251 αὐτὸς
1216 2174 1252 2238 ὅ
1299 2198 1402 2241 τοι
1447 2176 1686 2260 πινυτὴ
1734 2173 1981 2260 φρένας
2025 2176 2183 2259 ἵκει,

352 2283 630 2351 τοῦνεκά
673 2305 778 2348 τοι
824 2280 986 2366 ἐρέω
1032 2278 1142 2346 καὶ
1189 2279 1294 2346 ἐπὶ
1340 2279 1547 2365 μέγαν
1595 2281 1797 2366 ὅρκον
1844 2281 2152 2365 ὀμοῦμαι·

230 2383 329 2452 '2³0
356 2396 511 2454 ἴστω
558 2398 685 2454 νῦν
733 2390 900 2464 Ζεὺς
943 2397 1168 2471 πρῶτα
1213 2393 1398 2452 θεῶν
1445 2385 1626 2470 ξενίη
1672 2409 1742 2451 τε
1787 2387 2066 2471 τράπεζα

356 2496 524 2578 ἱστίη
571 2491 627 2558 τ’
672 2490 987 2575 Ὀδυσῆος
1031 2492 1403 2576 ἀμύμονος,
1448 2491 1533 2575 ἣν
1580 2491 1912 2575 ἀφικάνω,

353 2595 394 2682 ἦ
442 2598 642 2663 σέθεν
691 2594 923 2662 ἐνθάδ’
968 2595 1192 2671 ἐόντος
1236 2595 1570 2660 ἐλεύσεται
1615 2594 1825 2661 οἴκαδ’
1874 2593 2249 2671 Ὀδυσσεύς·

355 2714 573 2769 σοῖσιν
621 2698 679 2764 δ’
728 2700 1178 2783 ὀφθαλμοῖσιν
1226 2697 1528 2780 ἐπόψεαι,
1576 2705 1653 2762 αι’
1687 2693 1746 2762 κ’
1791 2696 2159 2783 ἐθέλῃσθα,

353 2803 814 2888 κτεινομένους
857 2811 1260 2886 μνηστῆρας,
1307 2805 1380 2867 οἳ
1422 2800 1665 2867 ἐνθάδε
1711 2802 2191 2888 κοιρανέουσι.“

248 2934 326 2977 285
442 2912 558 2976 τὸν
605 2907 664 2973 δ’
713 2902 869 2973 αὖτε
913 2905 1257 2992 προσέειπε
1303 2911 1485 2991 βοῶν
1533 2906 1962 2991 ἐπιβουκόλος
2007 2908 2200 2994 ἀνήρ·

445 3017 561 3100 »αἲ
601 3015 726 3099 γὰρ
772 3023 1001 3097 τοῦτο,
1048 3013 1252 3096 ξεῖνε,
1298 3016 1452 3090 ἔπος
1498 3012 1777 3079 τελέσειε
1824 3017 2162 3099 Κρονίων·

353 3127 582 3207 γνοίης
625 3118 716 3207 χ’,
767 3122 873 3205 οἵη
923 3119 1042 3205 ἐμὴ
1092 3121 1371 3204 δύναμις
1415 3118 1525 3185 καὶ
1569 3132 1782 3206 χεῖρες
1828 3119 2158 3186 ἕπονται.“

446 3229 532 3304 ὣς
578 3221 645 3292 δ’
684 3227 897 3304 αὕτως
941 3227 1239 3310 Εὔμαιος
1284 3224 1594 3304 ἐπεύξατο
1640 3234 1801 3290 πᾶσι
1846 3231 2066 3291 θεοῖσι

354 3341 669 3416 νοστῆσαι
708 3330 993 3416 Ὀδυσῆα
1036 3332 1429 3418 πολύφρονα
1476 3330 1554 3396 ὃν
1602 3327 1677 3395 δὲ
1722 3332 1932 3413 δόμον
1978 3329 2070 3395 δέ.

250 3460 328 3501 240
447 3437 534 3513 ὣς
579 3438 651 3502 οί
689 3435 812 3521 μὲν
857 3447 1128 3503 τοιαῦτα
1171 3438 1337 3522 πρὸς
1380 3436 1706 3519 ἀλλήλους
1751 3434 2109 3520 ἀγόρευον,
2191 3516 2196 3520 .

358 3550 725 3627 μνηστῆρες
771 3539 831 3607 δ’
879 3543 1006 3627 ἄρα
1062 3542 1415 3629 Τηλεμάχῳ
1460 3540 1757 3606 θάνατόν
1802 3563 1871 3605 τε
1918 3544 2127 3627 μόρον
2172 3564 2241 3607 τε
