2650 3909
1282 23 1428 132 57

355 252 440 315 '72
726 274 757 322 ρ
794 255 907 323 (17)
946 247 1224 314 ἐπάνοδος
1265 238 1592 322 Τηλεμάχου
1629 249 1710 314 εἰς
1738 250 1992 322 Ἰθάκην.

351 423 525 479 τοῖσι
572 411 647 479 δὲ
691 415 932 498 μύθων
977 408 1135 498 ἦρχε
1182 414 1519 496 συβώτης,
1571 416 1857 500 ὄρχαμος
1901 413 2193 497 ἀνδρῶν·

249 540 327 581 185
446 517 681 602 ,,ξεΐν’,
727 517 866 584 ἐπεὶ
911 518 995 604 ἂρ
1034 519 1117 601 δὴ
1156 520 1377 582 ἔπειτα
1412 522 1611 584 πόλιν
1649 517 1705 584 δ’
1758 526 1975 603 ἴμεναι
2011 521 2370 601 μενεαίνεις

356 626 676 711 σήμερον,
721 626 810 702 ὡς
855 622 1193 689 ἐπέτελλεν
1238 622 1403 701 ἄναξ
1452 622 1636 707 ἐμός,
1674 661 1740 670 -
1777 618 1819 707 ἦ
1868 621 1929 687 σ’
1974 623 2058 689 ἂν
2104 625 2306 707 ἔγωγε

355 728 562 795 αὐτοῦ
606 733 973 814 βουλοίμην
1018 734 1339 811 σταθμῶν
1384 727 1639 814 ῥυτῆρα
1684 727 2021 794 λιπέσθαι·

355 832 524 899 ἄλλα
569 836 686 900 τὸν
732 832 1035 916 αἰδέομαι
1078 830 1190 897 καὶ
1236 833 1482 915 δείδια,
1528 835 1616 916 μή
1664 857 1777 918 μοι
1822 833 2072 899 ὀπίσσω

355 940 626 1023 νεικείῃ·
673 934 948 1023 χαλεπαὶ
995 933 1075 1001 δέ
1113 933 1169 1001 τ’
1215 936 1519 1002 ἀνάκτων
1564 935 1737 1002 εἰσὶν
1782 937 2328 1037 &mvl-014&
2327 962 2472 1027 μς,

250 1066 329 1106 190
355 1040 498 1107 ἀλλ’
544 1044 662 1125 ἄγε
706 1051 835 1111 νῦν
883 1048 1095 1126 ἴομεν·
1144 1043 1226 1125 δὴ
1274 1043 1402 1128 γὰρ
1448 1040 1789 1133 μέμβλωκε
1835 1043 2114 1126 μάλιστα
2165 1020 2240 1129 (Β
2257 1016 2365 1105 Mn
2390 1040 2440 1098 0*
2453 1034 2638 1177 (ΜΒ

354 1142 564 1232 ἦμαρ,
613 1146 775 1233 ἀταρ
820 1147 987 1231 τάχα
1031 1169 1134 1212 τοι
1178 1145 1328 1212 ποτὶ
1375 1146 1615 1234 ἕσπερα
1661 1148 1880 1234 ῥίγιον
1926 1150 2122 1214 ἔσται.
2124 1149 2167 1185 “

443 1254 561 1317 τὸν
600 1248 662 1316 δ’
707 1251 1229 1336 ἀπαμειβόμενος
1263 1251 1564 1337 προσέφη
1601 1254 1966 1338 πολύμητις
1994 1251 2369 1330 Ὀδυσσεύς·

444 1358 826 1442 ,,γινώσκω,
870 1356 1163 1444 φρονέω·
1209 1358 1290 1423 τά
1336 1381 1410 1441 γε
1458 1360 1541 1441 δὴ
1588 1356 1849 1424 νοέοντι
1893 1360 2194 1435 κελεύεις.

358 1459 500 1528 ἀλλ’
549 1469 766 1547 ἴομεν,
814 1465 898 1529 σὺ
947 1460 1009 1528 δ’
1053 1465 1271 1528 ἔπειτα
1319 1461 1670 1550 διαμπερὲς
1713 1464 2090 1548 ἡγεμόνευε.

253 1590 330 1631 195
359 1571 474 1646 δὸς
521 1562 602 1633 δέ
642 1592 787 1652 μοι,
832 1575 902 1633 εἴ
937 1572 1110 1634 ποθί
1147 1591 1251 1634 τοι
1298 1568 1593 1654 ῥόπαλον
1636 1568 2038 1652 τετμημένον
2081 1568 2249 1652 ἐστί,

22 1644 91 1747 ιβ’-ἶ
112 1724 133 1759 .·
156 1706 298 1801 ,μή
358 1671 811 1758 σκηρίπτεσθ’,
858 1670 998 1737 ἐπεὶ
1042 1668 1084 1755 ἦ
1131 1669 1279 1756 φατ’
1327 1669 1674 1765 ἀρισφαλέ’
1722 1674 1993 1756 ἔμμεναι
2039 1672 2309 1739 οὑδόν.“

444 1773 486 1862 ἦ
535 1778 619 1863 ῥα
663 1774 773 1842 καὶ
818 1775 982 1860 ἄμφ’
1027 1778 1306 1859 ὤμοισιν
1353 1774 1572 1840 ἀεικέα
1616 1775 1893 1857 βάλλετο
1938 1779 2187 1865 πήρην,
2240 1780 2468 1847 mmm?

357 1883 574 1948 πυκνὰ
621 1880 988 1968 ῥωγαλέην·
1037 1879 1110 1944 έν
1157 1876 1231 1944 δὲ
1278 1883 1565 1964 στρόφος
1607 1875 1728 1963 ἦεν
1774 1878 2043 1966 ἀορτήρ·

358 1989 654 2083 Εὔμαιος
700 1984 762 2050 δ’
804 1986 934 2071 ἄρα
978 1986 1051 2050 οἱ
1089 1995 1422 2070 σκῆπτρον
1467 1981 1764 2073 θυμαρὲς
1810 1986 2031 2051 ἔδωκε.

255 2116 332 2156 200
359 2094 449 2158 τὼ
494 2095 736 2175 βήτην,
783 2091 1083 2172 σταθμὸν
1131 2086 1206 2154 δὲ
1248 2090 1445 2166 κύνες
1488 2086 1597 2154 καὶ
1643 2091 1928 2177 βώτορες
1972 2092 2213 2174 ἄνδρες

361 2194 547 2283 ῥύατ’
590 2198 830 2261 ὄπισθε
876 2193 1202 2278 μένοντες.
1293 2195 1329 2260 ὁ
1378 2192 1439 2260 δ’
1487 2194 1554 2272 ές
1597 2199 1793 2261 πόλιν
1838 2192 2000 2280 ἦγεν
2045 2199 2291 2263 ἄνακτα

358 2310 593 2390 πτωχῷ
640 2298 974 2388 λευγαλέω
1021 2298 1400 2383 ἐναλίγκιον
1445 2296 1566 2384 ἠδὲ
1610 2299 1905 2387 γέροντι,

20 2362 99 2475 ssa
304 2424 443 2483 max
442 2412 840 2498 πτόμενον·
888 2407 968 2470 τὰ
1016 2401 1090 2471 δὲ
1135 2407 1348 2491 λυγρα
1390 2402 1542 2492 περὶ
1587 2408 1741 2492 χροῒ
1782 2407 2013 2490 εἵματα
2060 2405 2222 2471 ἕστο.

106 2442 281 2581 Αἴης
450 2510 591 2579 ἀλλ’
639 2513 779 2578 ὅτε
793 2514 875 2595 δὴ
926 2514 1291 2596 στείχοντες
1338 2512 1501 2577 ὁδὸν
1546 2512 1710 2576 κάτα
1754 2515 2245 2578 παιπαλόεσσαν

256 2640 335 2682 20⁶
361 2621 593 2695 ἄστεος
637 2618 834 2701 ἐγγὺς
877 2619 1036 2682 ἔσαν
1079 2615 1190 2681 καὶ
1237 2615 1340 2681 ἐπὶ
1388 2620 1643 2700 κρήνην
1687 2615 2008 2700 ἀφίκοντο

361 2725 633 2806 τυκτήν,
679 2724 1066 2804 καλλίροον,
1111 2720 1276 2785 ὅθεν
1318 2719 1684 2806 ὑδρεύοντο
1729 2727 1990 2787 πολῖται
2004 2770 2023 2805 ,

362 2829 483 2911 τὴν
526 2824 745 2909 ποίησ’
781 2823 1052 2901 Ἴθακος
1094 2821 1204 2890 καὶ
1249 2826 1544 2910 Νήριτος
1588 2822 1708 2908 ἡδὲ
1753 2827 2146 2910 Πολύκτωρ·

363 2926 533 3016 ἀμφὶ
581 2928 643 2996 δ’
686 2928 789 3016 ἄρ’
836 2931 1148 3015 αἰγείρων
1192 2928 1699 3016 ὑδατοτρεφέων
1743 2926 1831 3015 ἦν
1875 2932 2075 3008 ἄλσος

362 3037 646 3103 πάντοσε
691 3012 1105 3121 κυκλοτῖρές,
1148 3035 1311 3100 κατὰ
1360 3031 1434 3099 δὲ
1477 3039 1737 3121 ψυχρὸν
1783 3034 1934 3121 ῥέεν
1978 3035 2162 3117 ὕδωρ

259 3164 338 3204 210
364 3141 626 3220 ὑψόθεν
672 3141 744 3207 ἐκ
787 3139 1046 3224 πέτρης·
1093 3141 1313 3223 βωμὸς
1360 3137 1421 3203 δ’
1474 3141 1810 3228 ἐφύπερθε
1854 3139 2117 3205 τέτυκτο

362 3245 751 3330 Νυμφάων,
797 3245 914 3310 ὅθι
958 3245 1196 3321 πάντες
1241 3242 1655 3331 έπιρέζεσκον
1701 3246 1940 3311 ὁδῖται·

364 3350 533 3415 ἔνθά
578 3367 782 3434 σφεας
826 3349 1127 3436 ἐκίχανεν
1171 3351 1317 3427 υίὸς
1364 3353 1640 3415 Δολίοιο
1685 3351 2087 3425 Μελανθεὺς

366 3450 557 3538 αἶγας
600 3454 813 3537 ἄγων,
860 3458 935 3521 αἲ
972 3465 1133 3520 πᾶσι
1179 3453 1581 3540 μετέπρεπον
1627 3454 2014 3549 αίπρλίοισι,
2053 3436 2142 3509 Ru
2153 3446 2221 3509 ds>

366 3560 642 3624 δεῖπνον
686 3559 1158 3644 μνηστήρεσσι·
1206 3559 1348 3623 δύω
1395 3555 1456 3621 δ’
1499 3553 1608 3640 ἅμ’
1655 3555 1889 3622 ἕποντο
1935 3567 2190 3643 νομῆες.
