2650 3909
360 210 487 273 120
808 231 842 263 v
881 213 991 279 (20)
1028 209 1100 264 τὰ
1134 210 1243 280 πρὸ
1279 218 1378 279 τῆς
1414 216 1917 283 μνηστηροφονίας.

16 357 326 479 Qvo-*du
356 370 445 446 ὡς
489 366 551 434 δ’
598 370 704 435 ὅτε
750 367 1008 458 γαστέρ’
1053 370 1223 457 ἀνὴρ
1269 371 1506 449 πολέος
1549 376 1757 459 πυρὸς
1802 373 2222 459 αἰθομένοιο,

357 474 673 559 ἐμπλείην
718 478 947 560 κνίσης
991 499 1060 542 τε
1105 474 1216 540 καὶ
1262 478 1563 560 αἵματος,
1609 479 1780 542 ἔνθα
1823 477 1933 543 καὶ
1979 482 2147 545 ἔνθα

61 556 249 654 ΚΑΜ
357 582 624 669 αζόλλῃ,
669 579 844 663 μάλα
890 578 951 645 δ’
998 576 1134 646 ὦκα
1179 585 1498 646 λιλαίεται
1545 582 1948 669 ὀπτηθῆναι,

356 683 443 760 ὣς
486 681 592 769 ἄρ’
639 684 675 748 ὅ
722 682 784 767 γ’
828 686 996 751 ἔνθα
1042 683 1153 750 καὶ
1198 688 1369 751 ἔνθα
1416 683 1708 752 ἑλίσσετο
1750 693 2198 777 μερμηρίζων,

356 789 581 866 ὅππως
625 791 709 873 δὴ
755 798 1163 875 μνηστῆρσιν
1208 788 1513 855 ἀναιδέσι
1557 803 1779 876 χεῖρας
1825 792 2054 878 ἐφήσει

275 918 329 960 80
355 893 779 978 uofmogxsscbv
821 893 1067 960 πολέσι.
1162 897 1486 979 σχεδόθεν
1534 895 1615 961 δε’
1654 898 1727 963 οἱ
1764 893 1976 981 ἦλθεν
2014 896 2264 985 Ἀθήνη

355 1000 734 1085 οὐρανόθεν
777 1004 1137 1084 καταβᾶσα·
1188 998 1388 1084 δέμας
1432 998 1495 1065 δ’
1537 1003 1724 1085 ἤικτο
1770 1007 2061 1086 γυναικί·

356 1115 475 1189 στῆ
522 1102 584 1170 δ’
628 1103 731 1190 ἄρ’
777 1101 943 1189 ὑπὲρ
989 1110 1276 1189 κεφαλῆς
1319 1110 1437 1171 καί
1474 1131 1591 1191 μιν
1635 1109 1801 1192 πρὸς
1844 1115 2069 1192 μῦθον
2116 1113 2314 1176 ἔειπε·

352 1241 360 1247 ·
446 1207 655 1295 ,,τίπτ’
701 1205 846 1275 αὖτ’
881 1209 1242 1295 ἐγρήσσεις,
1281 1211 1549 1278 πάντων
1585 1211 1736 1298 περὶ
1771 1213 2064 1300 κάμμορε
2087 1226 2372 1299 φωτῶν,

356 1311 535 1392 οἶκος
578 1314 700 1400 μέν
745 1339 848 1382 τοι
894 1313 996 1381 ὅδ’
1042 1315 1210 1402 ἐστί,
1254 1318 1425 1402 γυνὴ
1474 1315 1555 1382 δέ
1593 1340 1696 1383 τοι
1740 1313 1847 1402 ἧδ’
1895 1319 1996 1385 ἐνὶ
2041 1327 2201 1409 οἴκῳ

275 1445 327 1488 85
353 1418 465 1485 καὶ
507 1433 692 1504 παῖς,
738 1413 884 1487 οἶόν
929 1443 1059 1487 που
1104 1446 1203 1499 τις
1248 1421 1537 1488 ἐέλδεται
1583 1424 1857 1507 ἔμμεναι
1900 1416 2079 1504 υἷα.“

440 1528 563 1610 τὴν
602 1523 662 1592 δ’
705 1527 1229 1612 ἀπαμειβόμενος
1262 1527 1563 1612 προσέφη
1600 1530 1961 1613 πολύμητις
1989 1528 2369 1607 Ὀδυσσεύς·

445 1630 600 1715 »ναὶ
647 1634 730 1715 δὴ
778 1633 981 1699 ταῦτά
1026 1656 1100 1715 γε
1145 1633 1391 1715 πάντα,
1436 1633 1596 1716 θεά,
1641 1634 1803 1698 κατὰ
1849 1647 2090 1720 μοῖραν
2136 1639 2370 1713 ἐέιπες·

139 1721 282 1837 (τὶ)
354 1736 521 1802 ἀλλά
559 1740 635 1814 ,τί
672 1762 786 1822 μοι
830 1739 984 1803 τόδε
1027 1740 1247 1822 θυμὸς
1293 1736 1397 1803 ἐνὶ
1442 1736 2093 1825 φρεσὶ-μερμηρίζει,

355 1842 578 1919 ὅππως
623 1844 707 1927 δὴ
753 1852 1161 1929 μνηστῆρσιν
1207 1842 1508 1909 ἀναιδέσι
1552 1856 1772 1930 χεῖρας
1817 1845 2042 1930 ἐφήσω

276 1974 328 2013 ιο
355 1955 603 2031 μοῦνος
650 1947 805 2012 ἐών·
853 1948 926 2014 οἱ
965 1943 1027 2012 δ’
1069 1944 1215 2014 αἰὲν
1260 1947 1529 2025 ἀολλέες
1574 1950 1772 2015 ἔνδον
1820 1952 1981 2016 ἔασι.

354 2054 518 2137 πρὸς
563 2049 624 2116 δ’
670 2054 764 2116 ἔτι
809 2050 920 2117 καὶ
963 2053 1115 2118 τόδε
1161 2056 1385 2137 μεῖζον
1432 2051 1534 2118 ἐνὶ
1579 2052 1777 2138 φρεσὶ
1822 2060 2218 2142 μερμηρίζω·

354 2162 423 2221 εἴ
457 2176 579 2242 περ
626 2158 752 2243 γὰρ
798 2160 1122 2243 κτείναιμι
1167 2162 1335 2235 Διός
1377 2181 1447 2224 τε
1495 2158 1696 2225 σέθεν
1740 2183 1809 2226 τε
1856 2159 2065 2245 ἕκητι,

353 2271 442 2347 πῇ
486 2285 602 2328 κεν
647 2263 1252 2350 ὑπεκπροφύγοιμι;
1298 2266 1378 2330 τά
1425 2281 1499 2330 σε
1544 2266 1913 2351 φράζεσθαι
1959 2268 2244 2352 ἅνωγα.“

443 2370 561 2434 τὸν
608 2367 669 2434 δ’
716 2364 871 2435 αὖτε
917 2370 1263 2456 προσέειπε
1307 2372 1435 2436 θεὰ
1481 2364 1856 2454 ’γλαυκῶπις
1892 2368 2169 2457 Ἀθήνη·

106 2444 200 2573 Q}
218 2443 328 2545 5}sp
445 2472 774 2560 ,,σχέτλιε,
818 2473 928 2541 καὶ
972 2475 1094 2561 μέν
1140 2481 1239 2563 τίς
1282 2500 1352 2541 τε
1396 2480 1681 2562 χερείονι
1726 2471 1993 2558 πείθεθ’
2038 2475 2271 2566 ἑταίρω
2283 2468 2465 2562 ,(ὶνω)

205 2608 211 2617 ·
356 2581 430 2659 ὅς
473 2601 595 2666 περ
640 2585 889 2665 θνητός
932 2577 988 2646 τ’
1035 2579 1171 2645 ἐστὶ
1215 2578 1326 2646 καὶ
1374 2581 1455 2647 οὐ
1500 2585 1660 2646 τόσα
1705 2582 1913 2665 μήδεα
1958 2577 2167 2647 οἶδεν·

355 2686 562 2770 αὐτὰρ
610 2684 737 2767 ἐγὼ
782 2688 943 2759 θεός
987 2687 1154 2767 εἰμι,
1200 2681 1550 2768 διαμπερὲς
1593 2685 1636 2767 ἥ
1684 2701 1755 2748 σε
1802 2684 2120 2766 φυλάσσω

356 2790 428 2855 ἐν
473 2789 787 2853 πάντεσσι
832 2791 1079 2864 πόνοις.
1172 2786 1334 2873 ἐρέω
1383 2787 1463 2853 δέ
1500 2810 1603 2854 τοι
1649 2787 2135 2871 ἐξαναφανδόν·

356 2901 424 2960 εἴ
458 2914 580 2979 περ
626 2893 1031 2975 πεντήκοντα
1076 2896 1261 2980 λόχοι
1306 2897 1614 2979 μερόπων
1661 2894 2040 2979 ἀνθρώπων
2244 2974 2249 2981 ⁸

275 3024 329 3063 5ο
356 3010 480 3066 νῶι
523 3010 932 3085 περισταῖεν,
977 3010 1228 3065 κτεῖναι
1272 3011 1605 3084 μεμαῶτες
1634 2999 1861 3104 Ἄρηι,
1940 2993 2029 3066 ἐκ,
2058 2986 2253 3067 &nuk

355 3110 470 3172 καί
508 3129 624 3172 κεν
669 3116 802 3172 τῶν
848 3104 1112 3172 ἐλάσαιο
1157 3109 1321 3203 βόας
1364 3104 1476 3171 καὶ
1523 3112 1669 3192 ἴφια
1714 3112 1906 3191 μῆλα.

213 3289 222 3297 ς
356 3209 498 3277 ἀλλ’
546 3209 743 3277 ἑλέτω
790 3227 863 3276 σε
909 3210 1020 3277 καὶ
1062 3211 1296 3288 ὕπνος·
1346 3211 1498 3297 ἀνίη
1546 3214 1655 3277 καὶ
1700 3216 1773 3278 τὸ
1820 3213 2185 3298 φυλάσσειν

221 3326 226 3335 “
355 3317 698 3401 πάννυχον
744 3316 1179 3402 ἐγρήσσοντα,
1224 3329 1444 3384 κακῶν
1491 3316 1553 3382 δ’
1595 3318 1961 3397 ὑποδύσεαι
2005 3318 2195 3402 ἤδη.“

446 3420 535 3496 ὣς
578 3421 781 3505 φάτο,
830 3425 947 3486 καί
986 3422 1071 3507 ῥά
1116 3423 1189 3487 οἱ
1226 3423 1440 3489 ὕπνον
1488 3420 1593 3488 ἐπὶ
1636 3423 2070 3508 βλεφάροισιν
2118 3426 2371 3510 ἔχευεν,

277 3548 329 3590 55
360 3525 523 3609 αὐτὴ
572 3523 630 3589 δ’
678 3525 770 3605 ἂψ
809 3525 875 3603 ἐς
903 3524 1242 3610 Ὄλυμπον
1289 3527 1556 3612 ἀφίκετο
1603 3529 1716 3592 δῖα
1759 3529 2003 3595 θεάων.
