2650 3909
448 293 495 350 ψ
533 283 645 351 (23)
677 277 980 362 Ὀδυσσέως
1014 280 1137 355 ὑπὸρ
1163 277 1493 348 Πηνελόπης
1529 275 1966 349 ἀναγνωρισμός.
2079 274 2205 338 173

92 456 175 495 340
201 438 293 494 καὶ
328 436 563 509 πέμψαν
601 438 703 492 σὺν
740 437 835 507 νηὶ
871 440 1043 507 φίλην
1081 433 1137 500 ἐς
1170 439 1418 506 πατρίδα
1455 442 1648 506 γαῖαν,

198 524 402 596 χαλκόν
439 545 498 581 τε
537 523 740 594 χρυσόν
776 544 836 580 τε
875 525 995 588 ἅλις
1033 520 1248 592 ἐσθῆτά
1283 543 1344 579 τε
1381 521 1591 586 δόντες.

195 612 345 669 τοῦτ’
378 613 491 683 ἄρα
527 613 796 670 δεύτατον
835 610 992 668 εἶπεν
1031 610 1187 677 ἔπος,
1226 611 1316 666 ὅτε
1357 608 1416 666 οἱ
1446 612 1648 682 γλυκὺς
1682 609 1858 671 ὕπνος

197 701 483 771 λυσιμελὴς
519 696 788 770 ἐπόρουσε
825 700 971 756 λύων
1010 698 1365 769 μελεδήματα
1401 702 1609 768 θυμοῦ.
1639 779 1643 784 ᾗ

281 818 322 901 ἡ
372 814 430 881 δ’
477 812 620 882 αὖτ’
666 813 809 881 ἀλλ’
855 816 1087 899 ἐνόησε
1132 816 1260 880 θεὰ
1305 820 1681 898 γλαυκῶπις
1717 811 1995 896 Ἀθήνη·

94 945 173 985 345
201 924 437 989 ὁππότε
487 923 568 1003 δή
616 919 678 1006 ῤ’
726 919 1011 1003 Ὀδυσῆα
1057 918 1316 985 ἐέλπετο
1365 920 1445 985 ὃν
1491 921 1651 985 κατὰ
1694 921 1919 1003 θυμὸν

199 1027 393 1111 εὐνῆς
435 1022 513 1109 ἧς
559 1025 805 1111 ἀλόχου
851 1026 1255 1110 ταρπήμεναι
1300 1021 1421 1108 ἠδὲ
1466 1022 1575 1089 καὶ
1619 1024 1868 1107 ὕπνου,

200 1129 406 1198 αὐτίκ’
452 1127 560 1196 ἀπ’
606 1129 922 1195 Ὠκεανοῦ
966 1133 1432 1215 χρυσόθρονον
1477 1126 1850 1213 ἠριγένειαν

131 1231 138 1236 ’
200 1234 434 1322 ὦρσεν,
469 1231 560 1300 ἵν’
602 1234 1016 1319 ἀνθρώποισι
1054 1237 1236 1318 φόως
1272 1233 1484 1318 φέροι.
1559 1228 1729 1317 ὦρτο
1767 1231 1830 1298 δ’
1866 1232 2216 1310 Ὀδυσσεὺς

201 1343 395 1424 εὐνῆς
440 1340 511 1405 ἐκ
555 1344 877 1424 μαλακῆς,
924 1339 1142 1426 ἀλόχῳ
1190 1336 1249 1402 δ’
1295 1336 1401 1402 ἐπὶ
1447 1344 1671 1421 μῦθον
1719 1340 2000 1403 ἔτελλεν·

94 1471 176 1511 350
290 1459 385 1547 ,,ὦ
431 1464 659 1545 γύναι,
702 1464 832 1545 ἤδη
881 1458 1002 1545 μὲν
1047 1460 1306 1527 πολέων
1351 1458 1743 1545 κεκορήμεθ’
1788 1459 2051 1526 ἀέθλων

203 1566 581 1653 ἀμφοτέρω,
627 1570 710 1631 σὺ
756 1563 878 1650 μὲν
925 1564 1158 1631 ἐνθάδ’
1202 1566 1362 1650 ἐμὸν
1408 1563 1783 1647 πολυκηδέα
1826 1569 2070 1631 νόστον

201 1671 532 1767 κλαίουσῆ
575 1672 782 1757 αὐτὰρ
830 1668 943 1756 ἐμὲ
989 1674 1158 1747 Ζεὺς
1202 1673 1431 1753 ἄλγεσι
1477 1669 1586 1736 καὶ
1631 1669 1782 1737 θεοὶ
1827 1674 2016 1737 ἄλλοι

206 1777 466 1862 ἱέμενον
511 1777 886 1843 πεδάασκον
932 1777 1088 1861 ἐμῆς
1132 1775 1259 1841 ἀπὸ
1307 1778 1621 1861 πατρίδος
1666 1782 1827 1859 αἴης.

100 1884 111 1894 “
203 1893 332 1948 νῦν
379 1880 441 1948 δ’
488 1882 625 1947 ἐπεὶ
672 1880 1020 1968 ἀμφοτέρω
1066 1884 1486 1966 πολυήρατον
1536 1880 1788 1966 ἱκόμεθ’
1837 1882 2069 1966 εὐνήν,

99 2010 177 2052 355
203 1991 491 2072 κτήματα
535 1986 686 2072 μέν,
730 1990 811 2053 τά
856 1992 976 2072 μοί
1015 1988 1183 2071 ἐστι,
1228 1986 1572 2078 κομιζέμεν
1618 1987 1692 2051 ἐν
1738 1988 2112 2072 μεγάροισι,
2228 2017 2388 2055 eam
2413 1990 2516 2083 {m

204 2097 376 2177 μῆλα
424 2092 516 2174 δ’,
561 2094 604 2157 ἅ
649 2117 760 2175 μοι
808 2103 1174 2177 μνηστῆρες
1217 2092 1613 2178 ὑπερφίαλοι
1658 2092 2069 2182 κατεᾊι-ειραν,
2193 2099 2390 2175 W

204 2198 417 2263 πολλὰ
461 2192 582 2279 μὲν
630 2197 826 2274 αὐτὸς
871 2197 998 2279 ἐγὼ
1045 2199 1427 2280 ληίσσομαι,
1473 2198 1639 2262 ἄλλα
1686 2195 1747 2260 δ’
1788 2194 2029 2282 Ἀχαιοὶ

207 2299 521 2382 δώσουσ’,
567 2303 661 2377 εἰς
705 2301 743 2365 ὅ
789 2325 860 2366 κε
905 2302 1152 2377 πάντας
1198 2300 1640 2384 ἐνιπλήσωσιν
1688 2301 2031 2378 ἐπαύλους.

206 2404 351 2470 ἀλλ’
392 2407 538 2488 ἤτοι
583 2402 705 2490 μὲν
752 2404 879 2487 ἐγὼ
924 2404 1417 2490 πολυδένδρεον
1463 2404 1671 2487 ἀγρὸν
1717 2407 1970 2488 ἄπειμι,

96 2534 180 2574 360
208 2512 537 2594 ὀψόμενος
580 2505 802 2593 πατέρ’
848 2509 1124 2593 ἐσθλόν,
1170 2511 1208 2575 ὅ
1254 2533 1367 2593 μοι
1412 2521 1705 2585 πυκινῶς
1750 2508 2088 2600 ἀκάχηται·

209 2615 316 2681 σοὶ
363 2614 468 2698 δέ,
512 2615 740 2698 γύναι,
784 2611 926 2679 τάδ’
972 2613 1282 2697 ἐπιτέλλω
1328 2624 1569 2699 πινυτῇ
1614 2636 1736 2701 περ
1784 2613 2009 2702 ἐούσῃ·
2382 2619 2460 2676 Μ

207 2720 443 2798 αὐτίκα
487 2721 612 2805 γὰρ
658 2720 852 2804 φάτις
897 2716 1068 2786 εἶσιν
1115 2718 1226 2804 ἅμ’
1271 2721 1470 2808 ἠελίῳ
1517 2718 1773 2786 ἀνιόντι

208 2824 476 2910 ἀνδρῶν
521 2827 943 2909 μνηστήρων,
990 2825 1106 2901 οὓς
1150 2828 1427 2892 ἔκτανον
1473 2825 1548 2891 ἐν
1592 2825 2006 2911 μεγάροισιν·

209 2932 305 3005 εἰς
347 2926 589 3015 ὑπερῷ’
635 2928 935 3012 ἀναβᾶσα
982 2932 1107 2993 σὺν
1154 2930 1588 3014 ἀμφιπόλοισι
1633 2928 1937 3012 γυναιξὶν

100 3054 181 3096 365
207 3029 445 3117 ἧσθαι,
490 3032 664 3118 μηδέ
701 3041 851 3097 τινα
893 3037 1287 3118 προτιόσσεο
1335 3032 1488 3118 μηδ’
1533 3033 1834 3119 έρέεινε.“

299 3160 341 3247 ἦ
389 3166 474 3250 ῥα
517 3166 627 3229 καὶ
674 3162 833 3248 ἀμφ’
880 3166 1156 3247 ὤμοισιν
1203 3165 1474 3231 ἐδύσετο
1518 3166 1749 3250 τεύχεα
1794 3166 1992 3246 καλά,

210 3264 385 3353 ὦρσε
432 3265 505 3333 δὲ
559 3267 938 3354 Τηλέμαχον
982 3267 1091 3333 καὶ
1137 3273 1468 3353 βουκόλον
1514 3267 1632 3353 ἠδὲ
1680 3272 2016 3354 συβώτην,

208 3373 463 3448 πάντας
508 3370 569 3437 δ’
614 3370 778 3438 ἔντε’
822 3375 1079 3456 ἄνωγεν
1117 3371 1345 3458 Ἀρήια
1390 3373 1618 3459 χερσὶν
1664 3374 1949 3440 ἑλέσθαι.

23 3539 31 3556 ,
213 3478 287 3542 οἱ
328 3476 408 3541 δέ
448 3478 520 3542 οἰ
559 3478 682 3543 οὐκ
727 3477 1095 3562 ἀπίθησαν,
1142 3478 1608 3561 ἐθωρήσσοντο
1657 3477 1731 3544 δὲ
1775 3485 2025 3568 χαλκῷ,

99 3603 182 3643 3⁷0
212 3581 417 3659 ὥιξαν
465 3577 540 3645 δὲ
583 3583 827 3665 θύρας,
874 3583 944 3648 ἐκ
990 3581 1050 3648 δ’
1094 3586 1274 3667 ἥιον·
1319 3580 1477 3669 ἦρχε
1526 3580 1587 3647 δ’
1634 3580 2002 3662 Ὀδυσσεύς.
