2650 3909
854 955 1158 1037 PRAE
1170 955 1766 1038 MONITUM.

471 1256 795 1341 Vulgatae
841 1257 962 1320 hos
1010 1277 1233 1321 versus
1282 1255 1648 1340 eripiendos
1706 1278 1846 1321 esse
1893 1256 2046 1320 duxi
2091 1279 2322 1341 parum

293 1362 640 1427 meliorum
676 1362 946 1427 testium
984 1361 1377 1427 auctoritate
1421 1367 1849 1427 sustentatos:
1898 1361 1931 1440 ξ,
1964 1363 2090 1427 154
2136 1361 2324 1427 ἕσσαι

295 1492 376 1554 με
422 1469 703 1553 χλαῖνάν
747 1491 816 1533 τε
862 1468 1108 1553 χιτῶνά
1153 1490 1246 1551 τε,
1290 1468 1522 1551 εἵματα
1566 1468 1748 1533 καλά.
1823 1468 1858 1546 ξ
1905 1469 2033 1533 369
2081 1472 2148 1532 et
2193 1470 2325 1533 370

292 1587 384 1641 τῶ
429 1574 545 1642 κέν
587 1576 660 1641 οἱ
698 1576 954 1660 τύμβον
991 1570 1113 1659 μὲν
1150 1572 1470 1658 ἐποίησαν
1506 1578 1904 1660 Παναχαιοί,
1950 1572 2076 1658 ἠδέ
2105 1598 2178 1639 κε
2214 1573 2327 1639 καὶ

292 1676 344 1771 ᾧ
393 1679 583 1749 παιδὶ
629 1680 796 1766 μέγα
841 1679 1030 1758 κλέος
1064 1678 1252 1766 ἤρατ’
1298 1680 1569 1747 ὀπίσσω.
1645 1680 1678 1759 ξ
1716 1682 2066 1747 515-517
2116 1681 2322 1766 αὐτὰρ

293 1788 459 1873 ἐπὴν
505 1790 787 1875 ἔλθῃσιν
825 1786 1185 1872 Ὀδυσσῆος
1225 1791 1422 1873 φίλος
1456 1790 1624 1872 υἱός,
1671 1788 1869 1866 αὐτός
1905 1812 2008 1854 τοι
2044 1789 2322 1875 χλαῖνάν

292 1919 359 1964 τε
407 1897 652 1981 χιτῶνά
696 1919 764 1961 τε
811 1897 1043 1980 εἵματα
1091 1895 1314 1979 δώσει,
1361 1894 1603 1980 πέμψει
1651 1893 1712 1961 δ’
1757 1896 1932 1983 ὅππῃ
1971 1914 2044 1961 σε
2081 1897 2320 1982 κραδίη

295 2005 515 2086 θυμός
559 2026 627 2067 τε
672 2002 943 2066 κελεύει.
1012 2026 1049 2068 ο
1089 2003 1174 2066 63
1230 2001 1629 2087 Τηλέμαχος,
1673 2005 1868 2088 φίλος
1911 2004 2057 2079 υίὸς
2095 2000 2321 2068 Ὀδυσ-

295 2117 454 2192 σῆος
489 2111 728 2175 θείοιο.
802 2133 838 2173 ο
882 2110 1006 2174 139
1055 2110 1282 2173 εἴδατα
1319 2106 1508 2174 πόλλ’
1557 2107 1884 2193 ἐπιθεῖσα,
1930 2108 2321 2195 χαριζομένη

295 2217 700 2300 παρεόντων.
793 2239 829 2279 ο
867 2215 999 2279 295
1052 2216 1182 2300 βὰν
1238 2210 1312 2279 δὲ
1367 2216 1545 2300 παρὰ
1591 2218 1944 2301 Κρουνοὺς
1993 2215 2104 2281 καὶ
2152 2221 2322 2282 Χαλ-

292 2324 447 2388 κίδα
484 2317 984 2403 καλλιρέεθρον.
1058 2334 1100 2383 σ
1136 2321 1268 2385 393
1305 2315 1347 2403 ἦ
1386 2319 1630 2404 ἀλύεις,
1676 2322 1777 2386 ὅτι
1800 2316 1981 2407 Ἶρον
2019 2321 2325 2407 ἐνίκησας

291 2432 409 2495 τὸν
455 2426 724 2512 ἀλήτην.
816 2443 857 2490 σ
892 2428 1024 2490 413
1080 2428 1303 2491 Νίσου
1349 2427 1666 2510 φαίδιμος
1708 2428 1885 2511 υἱός,
1935 2425 2321 2512 Ἀρητιάδαο

294 2538 591 2611 ἄνακτος.
665 2560 718 2620 φ
757 2536 888 2599 276
936 2527 1088 2619 ὄφρ’
1133 2539 1294 2598 εἴπω
1343 2534 1422 2599 τά
1467 2557 1545 2617 με
1592 2535 1812 2618 θυμὸς
1857 2531 1958 2599 ἐνὶ
2004 2537 2324 2619 στήθεσσι

296 2643 561 2708 κελεύει.
636 2667 674 2727 χ
720 2642 808 2706 43
853 2641 1194 2725 πάπτηνεν
1241 2637 1316 2706 δὲ
1366 2639 1658 2725 ἕκαστος,
1704 2640 1832 2728 ὅπῃ
1877 2643 2085 2727 φύγοι
2121 2644 2324 2709 αἰπὺν

298 2751 604 2834 ὄλεθρον.
693 2774 732 2834 χ
782 2750 907 2814 191
956 2748 1102 2824 υίὸς
1148 2745 1484 2833 Λαέρταο,
1541 2749 1871 2825 πολύτλας
1921 2751 2064 2826 δῖος
2093 2746 2323 2815 Ὀδυσ-

297 2855 467 2931 σεύς.
557 2864 608 2933 ψ
644 2856 731 2920 48
801 2854 1023 2938 αἵματι
1087 2851 1199 2920 καὶ
1254 2856 1490 2943 λύθρῳ
1553 2854 2060 2939 πεπαλαγμένον
2115 2857 2203 2932 ὥς
2256 2880 2323 2922 τε

296 2958 550 3026 λέοντα.
620 2971 672 3039 ψ
715 2962 836 3025 127
879 2965 946 3025 et
988 2963 1111 3027 128
1158 2959 1347 3045 ἡμεῖς
1384 2956 1457 3025 δὲ
1494 2971 1827 3045 μεμαῶτες
1863 2960 1970 3046 ἅμ’
2015 2959 2321 3046 ἑψόμεθ’,

296 3064 453 3134 οὐδέ
498 3069 570 3132 τί
607 3090 778 3152 φημι
824 3064 1024 3150 ἀλκῆς
1069 3068 1499 3151 δευήσεσθαι,
1546 3067 1667 3151 ὅση
1715 3068 1998 3151 δύναμίς
2041 3091 2115 3151 γε
2156 3069 2321 3150 πάρ-

295 3190 495 3239 εστιν.
566 3183 617 3252 ψ
657 3175 787 3239 320
833 3172 1110 3249 πάντας·
1149 3168 1506 3248 Ὀδυσσεὺς
1543 3170 1604 3238 δ’
1649 3167 1790 3249 οἷος
1832 3171 2171 3259 ὑπέκφυγε
2210 3173 2323 3258 νηὶ

295 3283 592 3366 μελαίνῃ.
674 3303 725 3344 ω
773 3280 896 3345 121
940 3276 1235 3364 Ἀτρείδη
1282 3279 1574 3362 κύδιστε,
1620 3277 1782 3356 ἄναξ
1830 3277 2099 3365 ἀνδρῶν
2136 3275 2323 3364 Ἀγά-

295 3410 564 3471 μεμνον.
677 3411 727 3451 ω
792 3388 915 3452 143
980 3396 1212 3471 μηνῶν
1275 3386 1700 3471 φθινόντων,
1749 3383 1921 3470 ,περὶ
1987 3384 2045 3450 δ’
2108 3388 2323 3470 ἤματα

294 3494 506 3559 πολλὰ
551 3490 852 3578 τελέσθη.

1821 3595 1896 3649 a*
