<?xml version="1.0" encoding="UTF-8"?>
<!DOCTYPE html PUBLIC "-//W3C//DTD XHTML 1.0 Transitional//EN"
    "http://www.w3.org/TR/xhtml1/DTD/xhtml1-transitional.dtd">
<html xmlns="http://www.w3.org/1999/xhtml" xml:lang="en" lang="en">
 <head>
  <title>
</title>
<meta http-equiv="Content-Type" content="text/html;charset=utf-8" />
  <meta name='ocr-system' content='tesseract 3.04.00' />
  <meta name='ocr-capabilities' content='ocr_page ocr_carea ocr_par ocr_line ocrx_word'/>
</head>
<body>
  <div class='ocr_page' id='page_1' title='image "./odyssea00unkngoog_0107.png"; bbox 0 0 2650 3909; ppageno 0'>
   <div class='ocr_carea' id='block_1_1' title="bbox 816 204 2360 280">
    <p class='ocr_par' dir='ltr' id='par_1_1' title="bbox 816 204 2360 280">
     <span class='ocr_line' id='line_1_1' title="bbox 816 204 2360 280; baseline 0.002 -19"><span class='ocrx_word' id='word_1_1' title='bbox 816 224 849 261; x_wconf 89' lang='grc' dir='ltr'><strong><em>σ</em></strong></span> <span class='ocrx_word' id='word_1_2' title='bbox 882 208 996 277; x_wconf 89' lang='grc'>(18)</span> <span class='ocrx_word' id='word_1_3' title='bbox 1025 204 1331 270; x_wconf 78' lang='grc' dir='ltr'><em>Ὀδυσσέως</em></span> <span class='ocrx_word' id='word_1_4' title='bbox 1366 206 1464 262; x_wconf 77' lang='grc' dir='ltr'><strong><em>καὶ</em></strong></span> <span class='ocrx_word' id='word_1_5' title='bbox 1489 204 1640 278; x_wconf 84' lang='grc' dir='ltr'><strong><em>Ἴρου</em></strong></span> <span class='ocrx_word' id='word_1_6' title='bbox 1675 207 1884 280; x_wconf 76' lang='grc' dir='ltr'><strong><em>πυγμή.</em></strong></span> <span class='ocrx_word' id='word_1_7' title='bbox 2275 207 2360 273; x_wconf 87' lang='grc'><strong><em>91</em></strong></span> 
     </span>
    </p>
   </div>
   <div class='ocr_carea' id='block_1_2' title="bbox 346 334 2486 454">
    <p class='ocr_par' dir='ltr' id='par_1_2' title="bbox 346 334 2486 454">
     <span class='ocr_line' id='line_1_2' title="bbox 346 334 2486 454; baseline 0 -21"><span class='ocrx_word' id='word_1_8' title='bbox 346 371 601 451; x_wconf 81' lang='grc' dir='ltr'><strong><em>μᾶλλον</em></strong></span> <span class='ocrx_word' id='word_1_9' title='bbox 645 368 811 452; x_wconf 88' lang='grc' dir='ltr'><strong><em>πρὸς</em></strong></span> <span class='ocrx_word' id='word_1_10' title='bbox 852 369 1083 451; x_wconf 58' lang='grc' dir='ltr'><strong><em>πόσιός</em></strong></span> <span class='ocrx_word' id='word_1_11' title='bbox 1124 390 1194 432; x_wconf 91' lang='grc' dir='ltr'><strong><em>τε</em></strong></span> <span class='ocrx_word' id='word_1_12' title='bbox 1238 366 1349 432; x_wconf 86' lang='grc' dir='ltr'><strong><em>καὶ</em></strong></span> <span class='ocrx_word' id='word_1_13' title='bbox 1393 366 1573 445; x_wconf 74' lang='grc' dir='ltr'><strong><em>υἱέος</em></strong></span> <span class='ocrx_word' id='word_1_14' title='bbox 1615 367 1657 451; x_wconf 83' lang='grc' dir='ltr'>ἢ</span> <span class='ocrx_word' id='word_1_15' title='bbox 1701 368 1908 454; x_wconf 90' lang='grc' dir='ltr'><strong><em>πάρος</em></strong></span> <span class='ocrx_word' id='word_1_16' title='bbox 1949 364 2087 452; x_wconf 81' lang='grc' dir='ltr'><strong><em>ἦεν.</em></strong></span> <span class='ocrx_word' id='word_1_17' title='bbox 2447 334 2486 397; x_wconf 51' lang='lat'>7</span> 
     </span>
    </p>
   </div>
   <div class='ocr_carea' id='block_1_3' title="bbox 50 463 2590 3655">
    <p class='ocr_par' dir='ltr' id='par_1_3' title="bbox 50 463 2590 3655">
     <span class='ocr_line' id='line_1_3' title="bbox 128 463 2253 585; baseline 0.001 -49"><span class='ocrx_word' id='word_1_18' title='bbox 128 463 258 585; x_wconf 50' lang='lat' dir='ltr'><em>Q</em></span> <span class='ocrx_word' id='word_1_19' title='bbox 348 472 613 568; x_wconf 74' lang='grc' dir='ltr'><strong><em>ἀχρεῖον</em></strong></span> <span class='ocrx_word' id='word_1_20' title='bbox 660 469 719 536; x_wconf 90' lang='grc' dir='ltr'><strong><em>δ’</em></strong></span> <span class='ocrx_word' id='word_1_21' title='bbox 766 469 1118 555; x_wconf 78' lang='grc' dir='ltr'><strong><em>ἐγέλασσεν</em></strong></span> <span class='ocrx_word' id='word_1_22' title='bbox 1165 475 1318 550; x_wconf 98' lang='grc' dir='ltr'><strong><em>ἔπος</em></strong></span> <span class='ocrx_word' id='word_1_23' title='bbox 1363 470 1417 537; x_wconf 92' lang='grc' dir='ltr'><strong><em>τ’</em></strong></span> <span class='ocrx_word' id='word_1_24' title='bbox 1463 469 1647 557; x_wconf 84' lang='grc' dir='ltr'><strong><em>ἔφατ’</em></strong></span> <span class='ocrx_word' id='word_1_25' title='bbox 1694 475 1767 537; x_wconf 89' lang='grc' dir='ltr'><strong><em>ἔκ</em></strong></span> <span class='ocrx_word' id='word_1_26' title='bbox 1810 471 1864 537; x_wconf 90' lang='grc' dir='ltr'><strong><em>τ’</em></strong></span> <span class='ocrx_word' id='word_1_27' title='bbox 1911 474 2253 557; x_wconf 80' lang='grc' dir='ltr'><strong><em>ὀνόμαζεν·</em></strong></span> 
     </span>
     <span class='ocr_line' id='line_1_4' title="bbox 437 576 2301 664; baseline 0.001 -22"><span class='ocrx_word' id='word_1_28' title='bbox 437 577 874 662; x_wconf 83' lang='grc' dir='ltr'><strong><em>,,Εὐρυνόμη,</em></strong></span> <span class='ocrx_word' id='word_1_29' title='bbox 917 581 1138 662; x_wconf 88' lang='grc' dir='ltr'><strong><em>θυμός</em></strong></span> <span class='ocrx_word' id='word_1_30' title='bbox 1181 602 1295 662; x_wconf 94' lang='grc' dir='ltr'><strong><em>μοι</em></strong></span> <span class='ocrx_word' id='word_1_31' title='bbox 1341 576 1664 661; x_wconf 81' lang='grc' dir='ltr'><strong><em>ἐέλδεται,</em></strong></span> <span class='ocrx_word' id='word_1_32' title='bbox 1710 579 1792 643; x_wconf 79' lang='grc' dir='ltr'><strong><em>οὔ</em></strong></span> <span class='ocrx_word' id='word_1_33' title='bbox 1837 604 1900 643; x_wconf 91' lang='grc' dir='ltr'><strong><em>τι</em></strong></span> <span class='ocrx_word' id='word_1_34' title='bbox 1944 579 2150 664; x_wconf 90' lang='grc' dir='ltr'><strong><em>πάρος</em></strong></span> <span class='ocrx_word' id='word_1_35' title='bbox 2194 602 2301 662; x_wconf 92' lang='grc' dir='ltr'><strong><em>γε,</em></strong></span> 
     </span>
     <span class='ocr_line' id='line_1_5' title="bbox 242 682 2130 769; baseline 0.002 -25"><span class='ocrx_word' id='word_1_36' title='bbox 242 705 319 745; x_wconf 81' lang='lat'><strong><em>165</em></strong></span> <span class='ocrx_word' id='word_1_37' title='bbox 347 685 790 767; x_wconf 78' lang='grc' dir='ltr'><strong><em>μνηστήρεσσι</em></strong></span> <span class='ocrx_word' id='word_1_38' title='bbox 834 690 1128 767; x_wconf 82' lang='grc' dir='ltr'><strong><em>φανῆναι</em></strong></span> <span class='ocrx_word' id='word_1_39' title='bbox 1174 682 1697 768; x_wconf 76' lang='grc' dir='ltr'><strong><em>ἀπεχθομένοισί</em></strong></span> <span class='ocrx_word' id='word_1_40' title='bbox 1732 703 1855 769; x_wconf 90' lang='grc' dir='ltr'><strong><em>περ</em></strong></span> <span class='ocrx_word' id='word_1_41' title='bbox 1902 686 2130 768; x_wconf 87' lang='grc' dir='ltr'><strong><em>ἔμπης·</em></strong></span> 
     </span>
     <span class='ocr_line' id='line_1_6' title="bbox 346 785 2070 874; baseline 0 -21"><span class='ocrx_word' id='word_1_42' title='bbox 346 787 533 854; x_wconf 87' lang='grc' dir='ltr'><strong><em>παιδὶ</em></strong></span> <span class='ocrx_word' id='word_1_43' title='bbox 581 785 661 853; x_wconf 91' lang='grc' dir='ltr'><strong><em>δέ</em></strong></span> <span class='ocrx_word' id='word_1_44' title='bbox 698 810 814 853; x_wconf 86' lang='grc' dir='ltr'><strong><em>κεν</em></strong></span> <span class='ocrx_word' id='word_1_45' title='bbox 859 793 1108 872; x_wconf 79' lang='grc' dir='ltr'><strong><em>εἴποιμι</em></strong></span> <span class='ocrx_word' id='word_1_46' title='bbox 1153 790 1339 871; x_wconf 86' lang='grc' dir='ltr'><strong><em>ἔπος,</em></strong></span> <span class='ocrx_word' id='word_1_47' title='bbox 1383 791 1459 853; x_wconf 91' lang='grc' dir='ltr'><strong><em>τό</em></strong></span> <span class='ocrx_word' id='word_1_48' title='bbox 1504 811 1577 854; x_wconf 89' lang='grc' dir='ltr'><strong><em>κε</em></strong></span> <span class='ocrx_word' id='word_1_49' title='bbox 1623 786 1890 874; x_wconf 78' lang='grc' dir='ltr'><strong><em>κέρδιον</em></strong></span> <span class='ocrx_word' id='word_1_50' title='bbox 1935 795 2070 872; x_wconf 80' lang='grc' dir='ltr'><strong><em>εἴη,</em></strong></span> 
     </span>
     <span class='ocr_line' id='line_1_7' title="bbox 347 893 2046 979; baseline 0.001 -21"><span class='ocrx_word' id='word_1_51' title='bbox 347 895 436 978; x_wconf 84' lang='grc' dir='ltr'><strong><em>μὴ</em></strong></span> <span class='ocrx_word' id='word_1_52' title='bbox 481 894 694 959; x_wconf 90' lang='grc' dir='ltr'><strong><em>πάντα</em></strong></span> <span class='ocrx_word' id='word_1_53' title='bbox 739 901 1152 978; x_wconf 77' lang='grc' dir='ltr'><strong><em>μνηστῆρσιν</em></strong></span> <span class='ocrx_word' id='word_1_54' title='bbox 1194 893 1707 979; x_wconf 78' lang='grc' dir='ltr'><strong><em>ὑπερφιάλοισιν</em></strong></span> <span class='ocrx_word' id='word_1_55' title='bbox 1758 894 2046 977; x_wconf 78' lang='grc' dir='ltr'><strong><em>ὁμιλεῖν,</em></strong></span> 
     </span>
     <span class='ocr_line' id='line_1_8' title="bbox 348 993 2228 1084; baseline 0 -20"><span class='ocrx_word' id='word_1_56' title='bbox 348 1000 420 1064; x_wconf 79' lang='grc' dir='ltr'><strong><em>οἵ</em></strong></span> <span class='ocrx_word' id='word_1_57' title='bbox 458 993 514 1062; x_wconf 91' lang='grc' dir='ltr'><strong><em>τ’</em></strong></span> <span class='ocrx_word' id='word_1_58' title='bbox 558 993 634 1063; x_wconf 83' lang='grc' dir='ltr'><strong><em>εὖ</em></strong></span> <span class='ocrx_word' id='word_1_59' title='bbox 679 995 801 1082; x_wconf 70' lang='grc' dir='ltr'><strong><em>μὲν</em></strong></span> <span class='ocrx_word' id='word_1_60' title='bbox 845 998 1151 1082; x_wconf 77' lang='grc' dir='ltr'><strong><em>βάζουσι,</em></strong></span> <span class='ocrx_word' id='word_1_61' title='bbox 1196 1011 1408 1075; x_wconf 81' lang='grc' dir='ltr'><strong><em>κακῶς</em></strong></span> <span class='ocrx_word' id='word_1_62' title='bbox 1453 996 1514 1063; x_wconf 91' lang='grc' dir='ltr'><strong><em>δ’</em></strong></span> <span class='ocrx_word' id='word_1_63' title='bbox 1561 1000 1756 1064; x_wconf 79' lang='grc' dir='ltr'><strong><em>ὄπιθε</em></strong></span> <span class='ocrx_word' id='word_1_64' title='bbox 1803 998 2228 1084; x_wconf 81' lang='grc' dir='ltr'><strong><em>φρονέουσι.“</em></strong></span> 
     </span>
     <span class='ocr_line' id='line_1_9' title="bbox 434 1098 2221 1188; baseline 0.001 -20"><span class='ocrx_word' id='word_1_65' title='bbox 434 1106 556 1188; x_wconf 83' lang='grc' dir='ltr'><strong><em>τὴν</em></strong></span> <span class='ocrx_word' id='word_1_66' title='bbox 604 1100 664 1168; x_wconf 91' lang='grc' dir='ltr'><strong><em>δ’</em></strong></span> <span class='ocrx_word' id='word_1_67' title='bbox 709 1098 858 1168; x_wconf 83' lang='grc' dir='ltr'><strong><em>αὖτ’</em></strong></span> <span class='ocrx_word' id='word_1_68' title='bbox 898 1103 1258 1188; x_wconf 85' lang='grc' dir='ltr'><strong><em>Εὐρυνόμη</em></strong></span> <span class='ocrx_word' id='word_1_69' title='bbox 1303 1107 1498 1188; x_wconf 83' lang='grc' dir='ltr'><strong><em>ταμίη</em></strong></span> <span class='ocrx_word' id='word_1_70' title='bbox 1544 1106 1710 1187; x_wconf 89' lang='grc' dir='ltr'><strong><em>πρὸς</em></strong></span> <span class='ocrx_word' id='word_1_71' title='bbox 1752 1111 1978 1187; x_wconf 87' lang='grc' dir='ltr'><strong><em>μῦθον</em></strong></span> <span class='ocrx_word' id='word_1_72' title='bbox 2023 1107 2221 1170; x_wconf 80' lang='grc' dir='ltr'><strong><em>ἔειπε·</em></strong></span> 
     </span>
     <span class='ocr_line' id='line_1_10' title="bbox 242 1207 2361 1296; baseline 0.001 -25"><span class='ocrx_word' id='word_1_73' title='bbox 242 1231 321 1272; x_wconf 77' lang='lat' dir='ltr'><strong><em>no</em></strong></span> <span class='ocrx_word' id='word_1_74' title='bbox 439 1207 594 1292; x_wconf 85' lang='grc' dir='ltr'><strong><em>,,ναὶ</em></strong></span> <span class='ocrx_word' id='word_1_75' title='bbox 640 1210 723 1292; x_wconf 84' lang='grc' dir='ltr'><strong><em>δὴ</em></strong></span> <span class='ocrx_word' id='word_1_76' title='bbox 768 1209 973 1274; x_wconf 84' lang='grc' dir='ltr'><strong><em>ταῦτά</em></strong></span> <span class='ocrx_word' id='word_1_77' title='bbox 1016 1231 1090 1291; x_wconf 93' lang='grc' dir='ltr'><strong><em>γε</em></strong></span> <span class='ocrx_word' id='word_1_78' title='bbox 1126 1209 1362 1292; x_wconf 90' lang='grc' dir='ltr'><strong><em>πάντα,</em></strong></span> <span class='ocrx_word' id='word_1_79' title='bbox 1406 1207 1614 1291; x_wconf 88' lang='grc' dir='ltr'><strong><em>τέκος,</em></strong></span> <span class='ocrx_word' id='word_1_80' title='bbox 1659 1211 1822 1274; x_wconf 78' lang='grc' dir='ltr'><strong><em>κατὰ</em></strong></span> <span class='ocrx_word' id='word_1_81' title='bbox 1859 1220 2099 1296; x_wconf 79' lang='grc' dir='ltr'><strong><em>μοῖραν</em></strong></span> <span class='ocrx_word' id='word_1_82' title='bbox 2135 1213 2361 1287; x_wconf 80' lang='grc' dir='ltr'><strong><em>ἔειπες.</em></strong></span> 
     </span>
     <span class='ocr_line' id='line_1_11' title="bbox 220 1309 2100 1401; baseline 0.001 -23"><span class='ocrx_word' id='word_1_83' title='bbox 220 1354 231 1371; x_wconf 56' lang='lat' dir='ltr'><em>s</em></span> <span class='ocrx_word' id='word_1_84' title='bbox 349 1313 490 1380; x_wconf 90' lang='grc' dir='ltr'><strong><em>ἀλλ’</em></strong></span> <span class='ocrx_word' id='word_1_85' title='bbox 538 1321 642 1380; x_wconf 65' lang='lat' dir='ltr'><strong><em>wc</em></strong></span> <span class='ocrx_word' id='word_1_86' title='bbox 685 1313 796 1379; x_wconf 87' lang='grc' dir='ltr'><strong><em>καὶ</em></strong></span> <span class='ocrx_word' id='word_1_87' title='bbox 842 1322 936 1401; x_wconf 77' lang='grc' dir='ltr'><strong><em>σῷ</em></strong></span> <span class='ocrx_word' id='word_1_88' title='bbox 982 1312 1170 1379; x_wconf 84' lang='grc' dir='ltr'><strong><em>παιδὶ</em></strong></span> <span class='ocrx_word' id='word_1_89' title='bbox 1215 1316 1370 1390; x_wconf 87' lang='grc' dir='ltr'><strong><em>ἔπος</em></strong></span> <span class='ocrx_word' id='word_1_90' title='bbox 1412 1314 1546 1399; x_wconf 94' lang='grc' dir='ltr'><strong><em>φάο</em></strong></span> <span class='ocrx_word' id='word_1_91' title='bbox 1593 1309 1748 1398; x_wconf 85' lang='grc' dir='ltr'><strong><em>μηδ’</em></strong></span> <span class='ocrx_word' id='word_1_92' title='bbox 1791 1314 2100 1380; x_wconf 80' lang='grc' dir='ltr'><strong><em>ἐπίκευθε</em></strong></span> 
     </span>
     <span class='ocr_line' id='line_1_12' title="bbox 50 1416 1975 1533; baseline -0.001 -49"><span class='ocrx_word' id='word_1_93' title='bbox 50 1418 274 1533; x_wconf 40' lang='grc' dir='ltr'><strong><em>μ)</em></strong></span> <span class='ocrx_word' id='word_1_94' title='bbox 348 1416 540 1515; x_wconf 54' lang='grc' dir='ltr'><strong><em>χρᾷ-π’</em></strong></span> <span class='ocrx_word' id='word_1_95' title='bbox 587 1417 1043 1503; x_wconf 80' lang='grc' dir='ltr'><strong><em>ἀπονιψαμένη</em></strong></span> <span class='ocrx_word' id='word_1_96' title='bbox 1091 1417 1201 1484; x_wconf 85' lang='grc' dir='ltr'><strong><em>καὶ</em></strong></span> <span class='ocrx_word' id='word_1_97' title='bbox 1245 1417 1635 1505; x_wconf 77' lang='grc' dir='ltr'><strong><em>ἐπιχρίσασα</em></strong></span> <span class='ocrx_word' id='word_1_98' title='bbox 1680 1420 1975 1505; x_wconf 90' lang='grc' dir='ltr'><strong><em>παρειάς·</em></strong></span> 
     </span>
     <span class='ocr_line' id='line_1_13' title="bbox 349 1522 2117 1610; baseline 0.001 -21"><span class='ocrx_word' id='word_1_99' title='bbox 349 1522 502 1608; x_wconf 90' lang='grc' dir='ltr'><strong><em>μηδ’</em></strong></span> <span class='ocrx_word' id='word_1_100' title='bbox 546 1525 718 1590; x_wconf 79' lang='grc' dir='ltr'><strong><em>οὕτω</em></strong></span> <span class='ocrx_word' id='word_1_101' title='bbox 766 1525 1114 1610; x_wconf 81' lang='grc' dir='ltr'><strong><em>δακρύοισι</em></strong></span> <span class='ocrx_word' id='word_1_102' title='bbox 1155 1522 1542 1609; x_wconf 83' lang='grc' dir='ltr'><strong><em>πεφυρμένη</em></strong></span> <span class='ocrx_word' id='word_1_103' title='bbox 1589 1523 1758 1609; x_wconf 86' lang='grc' dir='ltr'><strong><em>ἀμφὶ</em></strong></span> <span class='ocrx_word' id='word_1_104' title='bbox 1783 1527 2117 1609; x_wconf 68' lang='grc' dir='ltr'><strong><em>πρόσωπα</em></strong></span> 
     </span>
     <span class='ocr_line' id='line_1_14' title="bbox 351 1629 2002 1715; baseline -0.001 -21"><span class='ocrx_word' id='word_1_105' title='bbox 351 1632 575 1714; x_wconf 83' lang='grc' dir='ltr'><strong><em>ἔρχευ,</em></strong></span> <span class='ocrx_word' id='word_1_106' title='bbox 621 1629 762 1695; x_wconf 83' lang='grc' dir='ltr'><strong><em>ἐπεὶ</em></strong></span> <span class='ocrx_word' id='word_1_107' title='bbox 805 1630 1038 1696; x_wconf 88' lang='grc' dir='ltr'><strong><em>κάκιον</em></strong></span> <span class='ocrx_word' id='word_1_108' title='bbox 1084 1632 1496 1714; x_wconf 77' lang='grc' dir='ltr'><strong><em>πενθήμεναι</em></strong></span> <span class='ocrx_word' id='word_1_109' title='bbox 1540 1631 1810 1715; x_wconf 75' lang='grc' dir='ltr'><strong><em>ἄκριτον</em></strong></span> <span class='ocrx_word' id='word_1_110' title='bbox 1857 1631 2002 1694; x_wconf 85' lang='grc' dir='ltr'><strong><em>αἰεί.</em></strong></span> 
     </span>
     <span class='ocr_line' id='line_1_15' title="bbox 244 1732 2082 1821; baseline 0.002 -24"><span class='ocrx_word' id='word_1_111' title='bbox 244 1756 322 1797; x_wconf 79' lang='lat'><strong><em>175</em></strong></span> <span class='ocrx_word' id='word_1_112' title='bbox 349 1737 475 1819; x_wconf 78' lang='grc' dir='ltr'><strong><em>ἤδη</em></strong></span> <span class='ocrx_word' id='word_1_113' title='bbox 523 1732 645 1819; x_wconf 78' lang='grc' dir='ltr'><strong><em>μὲν</em></strong></span> <span class='ocrx_word' id='word_1_114' title='bbox 689 1736 815 1821; x_wconf 90' lang='grc' dir='ltr'><strong><em>γάρ</em></strong></span> <span class='ocrx_word' id='word_1_115' title='bbox 861 1758 965 1801; x_wconf 91' lang='grc' dir='ltr'><strong><em>τοι</em></strong></span> <span class='ocrx_word' id='word_1_116' title='bbox 1009 1746 1163 1812; x_wconf 80' lang='grc' dir='ltr'><strong><em>παῖς</em></strong></span> <span class='ocrx_word' id='word_1_117' title='bbox 1181 1740 1500 1821; x_wconf 54' lang='grc' dir='ltr'><strong><em>κτηλίκος,</em></strong></span> <span class='ocrx_word' id='word_1_118' title='bbox 1545 1735 1625 1801; x_wconf 85' lang='grc' dir='ltr'><strong><em>ὃν</em></strong></span> <span class='ocrx_word' id='word_1_119' title='bbox 1672 1737 1754 1801; x_wconf 85' lang='grc' dir='ltr'><strong><em>σὺ</em></strong></span> <span class='ocrx_word' id='word_1_120' title='bbox 1801 1736 2082 1820; x_wconf 85' lang='grc' dir='ltr'><strong><em>μάλιστα</em></strong></span> 
     </span>
     <span class='ocr_line' id='line_1_16' title="bbox 348 1839 1771 1926; baseline -0.001 -20"><span class='ocrx_word' id='word_1_121' title='bbox 348 1842 487 1926; x_wconf 82' lang='grc' dir='ltr'><strong><em>ἠρῶ</em></strong></span> <span class='ocrx_word' id='word_1_122' title='bbox 534 1840 928 1906; x_wconf 83' lang='grc' dir='ltr'><strong><em>ἀθανάτοισι</em></strong></span> <span class='ocrx_word' id='word_1_123' title='bbox 972 1843 1399 1925; x_wconf 76' lang='grc' dir='ltr'><strong><em>γενειήσαντα</em></strong></span> <span class='ocrx_word' id='word_1_124' title='bbox 1446 1839 1771 1906; x_wconf 82' lang='grc' dir='ltr'><strong><em>ίδέσθαι.“</em></strong></span> 
     </span>
     <span class='ocr_line' id='line_1_17' title="bbox 437 1940 2133 2033; baseline 0.001 -22"><span class='ocrx_word' id='word_1_125' title='bbox 437 1948 558 2031; x_wconf 84' lang='grc' dir='ltr'><strong><em>τὴν</em></strong></span> <span class='ocrx_word' id='word_1_126' title='bbox 605 1945 667 2012; x_wconf 87' lang='grc' dir='ltr'><strong><em>δ’</em></strong></span> <span class='ocrx_word' id='word_1_127' title='bbox 709 1940 863 2013; x_wconf 82' lang='grc' dir='ltr'><strong><em>αὖτε</em></strong></span> <span class='ocrx_word' id='word_1_128' title='bbox 908 1946 1253 2033; x_wconf 82' lang='grc' dir='ltr'><strong><em>προσέειπε</em></strong></span> <span class='ocrx_word' id='word_1_129' title='bbox 1298 1951 1643 2033; x_wconf 85' lang='grc' dir='ltr'><strong><em>περίφρων</em></strong></span> <span class='ocrx_word' id='word_1_130' title='bbox 1688 1949 2133 2031; x_wconf 89' lang='grc' dir='ltr'><strong><em>Πηνελόπεια·</em></strong></span> 
     </span>
     <span class='ocr_line' id='line_1_18' title="bbox 438 2051 2189 2138; baseline 0 -21"><span class='ocrx_word' id='word_1_131' title='bbox 438 2053 876 2137; x_wconf 86' lang='grc' dir='ltr'><strong><em>,,Εὐρυνόμη,</em></strong></span> <span class='ocrx_word' id='word_1_132' title='bbox 921 2053 1010 2136; x_wconf 83' lang='grc' dir='ltr'><strong><em>μὴ</em></strong></span> <span class='ocrx_word' id='word_1_133' title='bbox 1054 2063 1258 2118; x_wconf 87' lang='grc' dir='ltr'><strong><em>ταῦτα</em></strong></span> <span class='ocrx_word' id='word_1_134' title='bbox 1303 2054 1610 2138; x_wconf 87' lang='grc' dir='ltr'><strong><em>παραύδα</em></strong></span> <span class='ocrx_word' id='word_1_135' title='bbox 1656 2051 1988 2137; x_wconf 81' lang='grc' dir='ltr'><strong><em>κηδομένη</em></strong></span> <span class='ocrx_word' id='word_1_136' title='bbox 2034 2075 2189 2138; x_wconf 89' lang='grc' dir='ltr'><strong><em>περ,</em></strong></span> 
     </span>
     <span class='ocr_line' id='line_1_19' title="bbox 351 2155 1997 2244; baseline -0.001 -21"><span class='ocrx_word' id='word_1_137' title='bbox 351 2155 546 2244; x_wconf 86' lang='grc' dir='ltr'><strong><em>χρῶτ’</em></strong></span> <span class='ocrx_word' id='word_1_138' title='bbox 589 2157 1068 2222; x_wconf 82' lang='grc' dir='ltr'><strong><em>ἀπονίπτεσθαι</em></strong></span> <span class='ocrx_word' id='word_1_139' title='bbox 1112 2155 1223 2221; x_wconf 86' lang='grc' dir='ltr'><strong><em>καὶ</em></strong></span> <span class='ocrx_word' id='word_1_140' title='bbox 1269 2158 1682 2243; x_wconf 81' lang='grc' dir='ltr'><strong><em>ἐπιχρίεσθαι</em></strong></span> <span class='ocrx_word' id='word_1_141' title='bbox 1727 2157 1997 2243; x_wconf 76' lang='grc' dir='ltr'><strong><em>ἀλοιφῇ·</em></strong></span> 
     </span>
     <span class='ocr_line' id='line_1_20' title="bbox 244 2261 2157 2349; baseline 0.002 -24"><span class='ocrx_word' id='word_1_142' title='bbox 244 2286 323 2326; x_wconf 82' lang='lat'><strong><em>180</em></strong></span> <span class='ocrx_word' id='word_1_143' title='bbox 353 2263 630 2347; x_wconf 85' lang='grc' dir='ltr'><strong><em>ἀγλαΐην</em></strong></span> <span class='ocrx_word' id='word_1_144' title='bbox 675 2264 801 2349; x_wconf 81' lang='grc' dir='ltr'><strong><em>γὰρ</em></strong></span> <span class='ocrx_word' id='word_1_145' title='bbox 848 2266 1067 2346; x_wconf 85' lang='grc' dir='ltr'><strong><em>ἔμοιγε</em></strong></span> <span class='ocrx_word' id='word_1_146' title='bbox 1112 2266 1295 2345; x_wconf 85' lang='grc' dir='ltr'><strong><em>θεοί,</em></strong></span> <span class='ocrx_word' id='word_1_147' title='bbox 1340 2261 1443 2327; x_wconf 86' lang='grc' dir='ltr'><strong><em>τοὶ</em></strong></span> <span class='ocrx_word' id='word_1_148' title='bbox 1472 2261 1813 2347; x_wconf 86' lang='grc' dir='ltr'><strong><em>Ὄλυμπον</em></strong></span> <span class='ocrx_word' id='word_1_149' title='bbox 1859 2266 2157 2347; x_wconf 84' lang='grc' dir='ltr'><strong><em>ἔχουσιν,</em></strong></span> 
     </span>
     <span class='ocr_line' id='line_1_21' title="bbox 353 2364 2028 2453; baseline -0.002 -19"><span class='ocrx_word' id='word_1_150' title='bbox 353 2371 638 2452; x_wconf 77' lang='grc' dir='ltr'><strong><em>ὤλεσαν,</em></strong></span> <span class='ocrx_word' id='word_1_151' title='bbox 685 2367 751 2446; x_wconf 81' lang='grc' dir='ltr'><strong><em>ἐξ</em></strong></span> <span class='ocrx_word' id='word_1_152' title='bbox 799 2364 881 2434; x_wconf 87' lang='grc' dir='ltr'><strong><em>οὗ</em></strong></span> <span class='ocrx_word' id='word_1_153' title='bbox 927 2379 1144 2444; x_wconf 81' lang='grc' dir='ltr'><strong><em>κεῖνος</em></strong></span> <span class='ocrx_word' id='word_1_154' title='bbox 1190 2370 1307 2452; x_wconf 89' lang='grc' dir='ltr'><strong><em>ἔβη</em></strong></span> <span class='ocrx_word' id='word_1_155' title='bbox 1355 2371 1582 2453; x_wconf 80' lang='grc' dir='ltr'><strong><em>κοίλῃς</em></strong></span> <span class='ocrx_word' id='word_1_156' title='bbox 1625 2365 1725 2432; x_wconf 83' lang='grc' dir='ltr'><strong><em>ἐνὶ</em></strong></span> <span class='ocrx_word' id='word_1_157' title='bbox 1769 2371 2028 2451; x_wconf 90' lang='grc' dir='ltr'><strong><em>νηυσίν.</em></strong></span> 
     </span>
     <span class='ocr_line' id='line_1_22' title="bbox 352 2471 2152 2558; baseline -0.001 -19"><span class='ocrx_word' id='word_1_158' title='bbox 352 2474 519 2539; x_wconf 89' lang='grc' dir='ltr'><strong><em>ἀλλά</em></strong></span> <span class='ocrx_word' id='word_1_159' title='bbox 562 2498 676 2558; x_wconf 94' lang='grc' dir='ltr'><strong><em>μοι</em></strong></span> <span class='ocrx_word' id='word_1_160' title='bbox 721 2474 1072 2557; x_wconf 85' lang='grc' dir='ltr'><strong><em>Αὐτονόην</em></strong></span> <span class='ocrx_word' id='word_1_161' title='bbox 1118 2495 1186 2538; x_wconf 91' lang='grc' dir='ltr'><strong><em>τε</em></strong></span> <span class='ocrx_word' id='word_1_162' title='bbox 1231 2471 1343 2537; x_wconf 84' lang='grc' dir='ltr'><strong><em>καὶ</em></strong></span> <span class='ocrx_word' id='word_1_163' title='bbox 1377 2471 1844 2555; x_wconf 88' lang='grc' dir='ltr'><strong><em>Ἱπποδάμειαν</em></strong></span> <span class='ocrx_word' id='word_1_164' title='bbox 1895 2473 2152 2558; x_wconf 75' lang='grc' dir='ltr'><strong><em>ἄνωχθι</em></strong></span> 
     </span>
     <span class='ocr_line' id='line_1_23' title="bbox 353 2577 2186 2665; baseline -0.002 -21"><span class='ocrx_word' id='word_1_165' title='bbox 353 2578 664 2664; x_wconf 79' lang='grc' dir='ltr'><strong><em>ἐλθέμεν,</em></strong></span> <span class='ocrx_word' id='word_1_166' title='bbox 717 2580 890 2665; x_wconf 77' lang='grc' dir='ltr'><strong><em>ὄφρά</em></strong></span> <span class='ocrx_word' id='word_1_167' title='bbox 936 2577 1014 2644; x_wconf 87' lang='grc' dir='ltr'><strong><em>κέ</em></strong></span> <span class='ocrx_word' id='word_1_168' title='bbox 1054 2603 1167 2664; x_wconf 94' lang='grc' dir='ltr'><strong><em>μοι</em></strong></span> <span class='ocrx_word' id='word_1_169' title='bbox 1210 2582 1617 2664; x_wconf 88' lang='grc' dir='ltr'><strong><em>παρστήετον</em></strong></span> <span class='ocrx_word' id='word_1_170' title='bbox 1664 2578 1737 2643; x_wconf 81' lang='grc' dir='ltr'><strong><em>ἐν</em></strong></span> <span class='ocrx_word' id='word_1_171' title='bbox 1782 2578 2186 2663; x_wconf 80' lang='grc' dir='ltr'><strong><em>μεγάροισιν.</em></strong></span> 
     </span>
     <span class='ocr_line' id='line_1_24' title="bbox 353 2681 2090 2770; baseline -0.002 -20"><span class='ocrx_word' id='word_1_172' title='bbox 353 2692 460 2769; x_wconf 80' lang='grc' dir='ltr'><strong><em>οἴη</em></strong></span> <span class='ocrx_word' id='word_1_173' title='bbox 508 2682 570 2750; x_wconf 89' lang='grc' dir='ltr'><strong><em>δ’</em></strong></span> <span class='ocrx_word' id='word_1_174' title='bbox 612 2684 734 2751; x_wconf 84' lang='grc' dir='ltr'><strong><em>οὐκ</em></strong></span> <span class='ocrx_word' id='word_1_175' title='bbox 779 2692 1017 2768; x_wconf 73' lang='grc' dir='ltr'><strong><em>εἴσειμι</em></strong></span> <span class='ocrx_word' id='word_1_176' title='bbox 1061 2681 1197 2770; x_wconf 91' lang='grc' dir='ltr'><strong><em>μετ’</em></strong></span> <span class='ocrx_word' id='word_1_177' title='bbox 1242 2683 1506 2768; x_wconf 85' lang='grc' dir='ltr'><strong><em>ἀνέρας·</em></strong></span> <span class='ocrx_word' id='word_1_178' title='bbox 1555 2684 1860 2767; x_wconf 86' lang='grc' dir='ltr'><strong><em>αἰδέομαι</em></strong></span> <span class='ocrx_word' id='word_1_179' title='bbox 1904 2683 2090 2769; x_wconf 84' lang='grc' dir='ltr'><strong><em>γάρ.“</em></strong></span> 
     </span>
     <span class='ocr_line' id='line_1_25' title="bbox 248 2786 2170 2876; baseline -0.001 -21"><span class='ocrx_word' id='word_1_180' title='bbox 248 2812 324 2851; x_wconf 78' lang='lat'><strong><em>185</em></strong></span> <span class='ocrx_word' id='word_1_181' title='bbox 443 2790 532 2868; x_wconf 78' lang='grc' dir='ltr'><strong><em>ὣς</em></strong></span> <span class='ocrx_word' id='word_1_182' title='bbox 576 2789 682 2871; x_wconf 75' lang='grc' dir='ltr'><strong><em>ἄρ’</em></strong></span> <span class='ocrx_word' id='word_1_183' title='bbox 725 2795 883 2876; x_wconf 83' lang='grc' dir='ltr'><strong><em>ἔφη,</em></strong></span> <span class='ocrx_word' id='word_1_184' title='bbox 930 2789 1135 2876; x_wconf 83' lang='grc' dir='ltr'><strong><em>γρηῢς</em></strong></span> <span class='ocrx_word' id='word_1_185' title='bbox 1181 2786 1255 2854; x_wconf 73' lang='grc' dir='ltr'><strong><em>δὲ</em></strong></span> <span class='ocrx_word' id='word_1_186' title='bbox 1301 2789 1391 2855; x_wconf 87' lang='grc' dir='ltr'><strong><em>δι’</em></strong></span> <span class='ocrx_word' id='word_1_187' title='bbox 1433 2790 1505 2855; x_wconf 81' lang='grc' dir='ltr'><strong><em>ἐκ</em></strong></span> <span class='ocrx_word' id='word_1_188' title='bbox 1550 2791 1863 2876; x_wconf 90' lang='grc' dir='ltr'><strong><em>μεγάροιο</em></strong></span> <span class='ocrx_word' id='word_1_189' title='bbox 1908 2792 2170 2874; x_wconf 84' lang='grc' dir='ltr'><strong><em>βεβήκει</em></strong></span> 
     </span>
     <span class='ocr_line' id='line_1_26' title="bbox 354 2893 2003 2979; baseline -0.001 -18"><span class='ocrx_word' id='word_1_190' title='bbox 354 2894 759 2979; x_wconf 86' lang='grc' dir='ltr'><strong><em>ἀγγελέουσα</em></strong></span> <span class='ocrx_word' id='word_1_191' title='bbox 804 2894 1065 2977; x_wconf 82' lang='grc' dir='ltr'><strong><em>γυναιξὶ</em></strong></span> <span class='ocrx_word' id='word_1_192' title='bbox 1111 2893 1218 2960; x_wconf 83' lang='grc' dir='ltr'><strong><em>καὶ</em></strong></span> <span class='ocrx_word' id='word_1_193' title='bbox 1264 2895 1670 2979; x_wconf 85' lang='grc' dir='ltr'><strong><em>ὀτρυνέουσα</em></strong></span> <span class='ocrx_word' id='word_1_194' title='bbox 1713 2895 2003 2961; x_wconf 87' lang='grc' dir='ltr'><strong><em>νέεσθαι.</em></strong></span> 
     </span>
     <span class='ocr_line' id='line_1_27' title="bbox 442 2995 2141 3084; baseline -0.002 -18"><span class='ocrx_word' id='word_1_195' title='bbox 442 2999 586 3066; x_wconf 86' lang='grc' dir='ltr'><strong><em>ἔνθ’</em></strong></span> <span class='ocrx_word' id='word_1_196' title='bbox 633 2995 774 3064; x_wconf 85' lang='grc' dir='ltr'><strong><em>αὖτ’</em></strong></span> <span class='ocrx_word' id='word_1_197' title='bbox 821 2998 962 3064; x_wconf 79' lang='grc' dir='ltr'><strong><em>ἄλλ’</em></strong></span> <span class='ocrx_word' id='word_1_198' title='bbox 1011 2999 1243 3083; x_wconf 86' lang='grc' dir='ltr'><strong><em>ἐνόησε</em></strong></span> <span class='ocrx_word' id='word_1_199' title='bbox 1287 3002 1416 3065; x_wconf 80' lang='grc' dir='ltr'><strong><em>θεὰ</em></strong></span> <span class='ocrx_word' id='word_1_200' title='bbox 1462 3005 1835 3084; x_wconf 79' lang='grc' dir='ltr'><strong><em>γλαυκῶπις</em></strong></span> <span class='ocrx_word' id='word_1_201' title='bbox 1873 2997 2141 3083; x_wconf 82' lang='grc' dir='ltr'><strong><em>Ἀθήνη.</em></strong></span> 
     </span>
     <span class='ocr_line' id='line_1_28' title="bbox 353 3104 1971 3193; baseline -0.002 -21"><span class='ocrx_word' id='word_1_202' title='bbox 353 3108 562 3193; x_wconf 84' lang='grc' dir='ltr'><strong><em>κούρῃ</em></strong></span> <span class='ocrx_word' id='word_1_203' title='bbox 603 3104 905 3190; x_wconf 86' lang='grc' dir='ltr'><strong><em>Ἰκαρίοιο</em></strong></span> <span class='ocrx_word' id='word_1_204' title='bbox 952 3105 1114 3168; x_wconf 81' lang='grc' dir='ltr'><strong><em>κατὰ</em></strong></span> <span class='ocrx_word' id='word_1_205' title='bbox 1159 3108 1413 3187; x_wconf 87' lang='grc' dir='ltr'><strong><em>γλυκὺν</em></strong></span> <span class='ocrx_word' id='word_1_206' title='bbox 1455 3106 1672 3170; x_wconf 77' lang='grc' dir='ltr'><strong><em>ὕπνον</em></strong></span> <span class='ocrx_word' id='word_1_207' title='bbox 1717 3107 1971 3189; x_wconf 84' lang='grc' dir='ltr'><strong><em>ἔχευεν·</em></strong></span> 
     </span>
     <span class='ocr_line' id='line_1_29' title="bbox 354 3196 2400 3337; baseline -0.001 -60"><span class='ocrx_word' id='word_1_208' title='bbox 354 3207 506 3277; x_wconf 87' lang='grc' dir='ltr'><strong><em>εὗδε</em></strong></span> <span class='ocrx_word' id='word_1_209' title='bbox 553 3208 616 3276; x_wconf 89' lang='grc' dir='ltr'><strong><em>δ’</em></strong></span> <span class='ocrx_word' id='word_1_210' title='bbox 658 3210 1162 3292; x_wconf 84' lang='grc' dir='ltr'><strong><em>ἀνακλινθεῖσα,</em></strong></span> <span class='ocrx_word' id='word_1_211' title='bbox 1209 3211 1421 3275; x_wconf 89' lang='grc' dir='ltr'><strong><em>λύθεν</em></strong></span> <span class='ocrx_word' id='word_1_212' title='bbox 1468 3207 1548 3274; x_wconf 91' lang='grc' dir='ltr'><strong><em>δέ</em></strong></span> <span class='ocrx_word' id='word_1_213' title='bbox 1588 3209 1660 3275; x_wconf 76' lang='grc' dir='ltr'><strong><em>οἰ</em></strong></span> <span class='ocrx_word' id='word_1_214' title='bbox 1698 3210 1866 3303; x_wconf 50' lang='grc' dir='ltr'><strong><em>δέτι-νεα</em></strong></span> <span class='ocrx_word' id='word_1_215' title='bbox 1911 3196 2400 3337; x_wconf 35' lang='grc' dir='ltr'><strong><em>πάνταξχιξψῖ,</em></strong></span> 
     </span>
     <span class='ocr_line' id='line_1_30' title="bbox 249 3308 2248 3405; baseline -0.003 -23"><span class='ocrx_word' id='word_1_216' title='bbox 249 3338 329 3377; x_wconf 81' lang='grc'><strong><em>190</em></strong></span> <span class='ocrx_word' id='word_1_217' title='bbox 356 3317 562 3382; x_wconf 84' lang='grc' dir='ltr'><strong><em>αὐτοῦ</em></strong></span> <span class='ocrx_word' id='word_1_218' title='bbox 609 3316 709 3382; x_wconf 82' lang='grc' dir='ltr'><strong><em>ἐνὶ</em></strong></span> <span class='ocrx_word' id='word_1_219' title='bbox 756 3321 1079 3405; x_wconf 58' lang='grc' dir='ltr'><strong><em>κλιντῆρι·</em></strong></span> <span class='ocrx_word' id='word_1_220' title='bbox 1125 3313 1285 3395; x_wconf 83' lang='grc' dir='ltr'><strong><em>τέως</em></strong></span> <span class='ocrx_word' id='word_1_221' title='bbox 1332 3311 1392 3379; x_wconf 90' lang='grc' dir='ltr'><strong><em>δ’</em></strong></span> <span class='ocrx_word' id='word_1_222' title='bbox 1437 3315 1565 3397; x_wconf 77' lang='grc' dir='ltr'><strong><em>ἄρα</em></strong></span> <span class='ocrx_word' id='word_1_223' title='bbox 1613 3315 1723 3378; x_wconf 83' lang='grc' dir='ltr'><strong><em>δῖα</em></strong></span> <span class='ocrx_word' id='word_1_224' title='bbox 1768 3313 1993 3379; x_wconf 82' lang='grc' dir='ltr'><strong><em>θεάων</em></strong></span> <span class='ocrx_word' id='word_1_225' title='bbox 2094 3308 2248 3374; x_wconf 55' lang='lat' dir='ltr'><strong><em>ern</em></strong></span> 
     </span>
     <span class='ocr_line' id='line_1_31' title="bbox 355 3415 2590 3513; baseline 0 -27"><span class='ocrx_word' id='word_1_226' title='bbox 355 3423 650 3506; x_wconf 75' lang='grc' dir='ltr'><strong><em>ἄμβροτα</em></strong></span> <span class='ocrx_word' id='word_1_227' title='bbox 697 3422 878 3507; x_wconf 81' lang='grc' dir='ltr'><strong><em>δῶρα</em></strong></span> <span class='ocrx_word' id='word_1_228' title='bbox 925 3421 1151 3503; x_wconf 84' lang='grc' dir='ltr'><strong><em>δίδου,</em></strong></span> <span class='ocrx_word' id='word_1_229' title='bbox 1196 3421 1308 3484; x_wconf 81' lang='grc' dir='ltr'><strong><em>ἵνα</em></strong></span> <span class='ocrx_word' id='word_1_230' title='bbox 1353 3443 1468 3503; x_wconf 90' lang='grc' dir='ltr'><strong><em>μιν</em></strong></span> <span class='ocrx_word' id='word_1_231' title='bbox 1513 3415 1819 3502; x_wconf 88' lang='grc' dir='ltr'><strong><em>θησαίατ’</em></strong></span> <span class='ocrx_word' id='word_1_232' title='bbox 1864 3417 2130 3504; x_wconf 79' lang='grc' dir='ltr'><strong><em>Ἀχαιοί.</em></strong></span> <span class='ocrx_word' id='word_1_233' title='bbox 2589 3504 2590 3513; x_wconf 16' lang='lat'>¹</span> 
     </span>
     <span class='ocr_line' id='line_1_32' title="bbox 354 3518 2588 3655; baseline 0 -65"><span class='ocrx_word' id='word_1_234' title='bbox 354 3526 584 3591; x_wconf 86' lang='grc' dir='ltr'><strong><em>κάλλει·</em></strong></span> <span class='ocrx_word' id='word_1_235' title='bbox 624 3525 744 3609; x_wconf 87' lang='grc' dir='ltr'><strong><em>μέν</em></strong></span> <span class='ocrx_word' id='word_1_236' title='bbox 790 3527 864 3592; x_wconf 73' lang='grc' dir='ltr'><strong><em>οἱ</em></strong></span> <span class='ocrx_word' id='word_1_237' title='bbox 900 3538 1124 3611; x_wconf 79' lang='grc' dir='ltr'><strong><em>πρῶτα</em></strong></span> <span class='ocrx_word' id='word_1_238' title='bbox 1169 3526 1566 3611; x_wconf 80' lang='grc' dir='ltr'><strong><em>προσώπατα</em></strong></span> <span class='ocrx_word' id='word_1_239' title='bbox 1610 3526 1778 3590; x_wconf 78' lang='grc' dir='ltr'><strong><em>καλὰ</em></strong></span> <span class='ocrx_word' id='word_1_240' title='bbox 1822 3526 2115 3611; x_wconf 88' lang='grc' dir='ltr'><strong><em>κάθηρεν</em></strong></span> <span class='ocrx_word' id='word_1_241' title='bbox 2175 3518 2422 3610; x_wconf 52' lang='grc' dir='ltr'><strong><em>κάὸωῇιω</em></strong></span> <span class='ocrx_word' id='word_1_242' title='bbox 2585 3554 2588 3655; x_wconf 43' lang='lat' dir='ltr'>l</span> 
     </span>
    </p>
   </div>
  </div>
 </body>
</html>
