2650 3909
746 312 747 315 ,
768 284 810 319 π
847 267 959 336 (16)
975 343 980 347 ⁹
997 264 1419 336 ἀναγνωρισμὸς
1448 261 1766 326 Ὀδυσσέως.
2193 259 2281 323 55

263 438 413 491 πῖνε
460 423 572 491 καὶ
617 422 806 509 ἧσθ’,
852 425 960 490 ὅτε
1005 427 1223 509 θυμὸς
1269 423 1370 489 ἑνὶ
1416 427 1775 507 στήθεσσιν
1821 421 2094 505 ἀνώγοι·

262 531 683 619 oefivssefflfm,
730 529 795 607 ἐξ
843 526 926 596 οὗ
974 531 1132 613 σύγε
1180 528 1347 616 ᾤχεο
1394 527 1505 613 νηὶ
1555 529 1788 593 Πύλον
1834 526 1939 611 δέ,

262 637 343 701 οὔ
388 636 489 700 πώ
536 639 651 719 μίν
695 649 901 720 φασιν
946 633 1240 719 φαγέμεν
1284 632 1397 699 καὶ
1440 632 1672 718 πιέμεν
1717 633 1960 716 αὕτως,

263 738 407 804 οὐδ’
453 738 558 806 ἐπὶ
604 742 764 826 ἔργα
812 741 1013 823 ἰδεῖν,
1058 739 1226 805 ἀλλά
1272 748 1556 824 στοναχῇ
1602 760 1671 803 τε
1717 741 1852 826 γόφ
1897 760 1965 803 τε

157 867 235 908 145
263 840 456 928 ἧσται
501 844 928 930 ὀδυρόμενος,
973 846 1303 929 φθινύθει
1352 838 1410 909 δ’
1459 842 1619 926 ἀμφ’
1669 845 1936 927 ὀστεόφι
1980 840 2215 926 χρώς.“

349 951 467 1014 τὸν
515 946 574 1014 δ’
621 946 706 1014 αὖ
762 948 1136 1034 Τηλέμαχος
1178 945 1595 1032 πεπνυμένος
1642 948 1870 1013 ἀντίον
1915 947 2114 1031 ηὔδα·

353 1055 664 1138 ,,άλγιον,
709 1051 852 1120 ἀλλ’
898 1057 1103 1139 ἔμπης
1148 1077 1264 1137 μιν
1311 1053 1591 1137 ἐάσομεν
1639 1052 2005 1138 ἀχνύμενοί
2041 1068 2193 1134 περ·
2265 1039 2282 1047 “

266 1161 329 1224 εἰ
372 1159 498 1243 γάρ
543 1180 681 1235 πως
725 1165 826 1242 εἴη
876 1159 1244 1258 αὐτάγρετα
1289 1158 1505 1223 πάντα
1549 1162 2059 1243 βροτοῖσιραι
2074 1142 2149 1231 ᾗ
2196 1178 2364 1223 Μ
2398 1154 2604 1227 wan

264 1267 528 1350 πρῶτόν
571 1287 687 1328 κεν
731 1274 851 1330 τοῦ
894 1266 1138 1349 πατρὸς
1185 1261 1501 1346 ἑλοίμεθα
1546 1266 1866 1346 νόστιμον
1910 1258 2105 1347 ἦμαρ.

162 1392 240 1433 150
267 1369 433 1435 ἀλλα
480 1366 624 1451 σύγ’
671 1366 977 1451 ἀγγείλας
1024 1370 1234 1433 ὀπίσω
1280 1371 1412 1450 κίε,
1457 1364 1626 1452 μηδὲ
1669 1363 1809 1431 κατ’
1854 1366 2100 1450 ἀγροὺς

266 1473 626 1550 πλάζεσθαι
669 1471 806 1557 μετ’
851 1472 1133 1538 ἐκεῖνον·
1182 1471 1345 1557 ἀτὰρ
1390 1472 1556 1557 πρὸς
1599 1469 1843 1554 μητέρα
1888 1473 2097 1534 εἰπεῖν

268 1577 644 1661 ἀμφίπολον
687 1581 927 1662 ταμίην
975 1575 1343 1663 ὀτρυνέμεν
1388 1577 1526 1641 ὅττι
1569 1575 1838 1659 τάχιστα

267 1682 590 1767 κρύβδην·
637 1686 819 1766 κείνη
865 1683 992 1767 γάρ
1037 1706 1153 1747 κεν
1198 1681 1612 1765 ἀπαγγείλειε
1659 1678 1984 1766 γέροντι.“

356 1782 398 1869 ἦ
447 1787 531 1871 ῥα
574 1788 685 1851 καὶ
729 1783 899 1873 ὦρσε
948 1790 1320 1873 συφορβόν·
1367 1788 1403 1853 ὁ
1452 1783 1513 1852 δ’
1558 1788 1766 1851 εἵλετο
1807 1783 1992 1871 χερσὶ
2028 1783 2290 1867 πέδιλα,

167 1914 244 1955 155
271 1891 635 1975 δησάμενος
671 1889 732 1956 δ’
766 1891 896 1956 ὑπὸ
933 1890 1134 1957 ποσσὶ
1160 1895 1360 1958 πόλιν
1398 1889 1458 1956 δ’
1498 1880 1614 1957 ἴεν,
1671 1888 1819 1957 οὐδ’
1853 1888 1958 1976 ἄρ’
1992 1888 2287 1974 ’Λθήνην

271 2001 480 2079 λῆθεν
524 1996 650 2061 ἀπὸ
697 2003 1021 2080 σταθμοῖο
1068 1999 1237 2063 κιὼν
1282 1998 1582 2082 Εὔμαιος
1625 1999 1953 2083 ὑφορβός,

273 2099 409 2166 ἀλλ’
453 2102 495 2185 ἥ
541 2125 616 2184 γε
662 2103 900 2186 σχεδὸν
944 2098 1139 2196 ἦλθε·
1187 2102 1390 2187 δέμας
1435 2100 1496 2167 δ’
1539 2105 1723 2186 ἤικτο
1770 2103 2036 2184 γυναικὶ

270 2211 436 2290 καλῇ
480 2229 549 2271 τε
595 2206 842 2292 μεγάλῃ
887 2229 955 2272 τε
1002 2205 1113 2271 καὶ
1158 2206 1374 2290 ἀγλαὰ
1421 2205 1555 2292 ἔργ’
1602 2208 1837 2292 εἰδυίῃ.

273 2321 392 2394 στῆ
440 2307 513 2375 δὲ
556 2307 694 2375 κατ’
741 2310 1111 2397 ἀντίθυρον
1156 2314 1417 2395 κλισίης
1456 2308 1723 2394 Ὀδυσῆι
1767 2322 2049 2395 φανεῖσα
2068 2330 2084 2346 ·

169 2438 249 2478 160
275 2416 357 2482 οὐ
402 2413 461 2479 δ’
507 2417 635 2501 ἄρα
689 2414 1068 2501 Τηλέμαχος
1115 2418 1258 2481 ἴδεν
1303 2416 1534 2481 ἀντίον
1580 2412 1738 2479 οὐδὲ
1782 2418 2025 2499 νόησεν
2062 2452 2129 2461 -

276 2521 358 2586 οὐ
401 2521 526 2605 γάρ
571 2542 709 2596 πως
752 2521 1066 2586 πάντεσσι
1109 2519 1262 2586 θεοὶ
1307 2523 1663 2605 φαίνονται
1709 2518 2106 2650 ἐναργεῖς-
2041 2557 2130 2602 -,

276 2624 419 2692 ἀλλ’
463 2623 774 2702 Ὀδυσεύς
818 2649 886 2691 τε
933 2627 1126 2703 κύνες
1169 2648 1237 2690 τε
1286 2626 1469 2708 ἴδον,
1511 2628 1627 2690 καί
1667 2622 1731 2711 ῤ’
1772 2624 1894 2709 οὐχ
1939 2624 2256 2707 ὑλάοντο,

34 2716 632 2851 Μωκνυζηθμῷ
685 2729 745 2795 δ’
792 2729 1064 2827 &symes
1112 2732 1226 2797 διὰ
1272 2738 1597 2815 σταθμοῖο
1643 2734 1967 2815 φόβηθεν.
1999 2716 2053 2785 fi>
2077 2722 2222 2787 0⁹51*
2259 2714 2384 2788 *⁴²²

276 2836 317 2918 ἡ
343 2802 424 2900 δ’
469 2833 572 2920 άρ’
620 2833 715 2901 ἐπ’
763 2835 1006 2921 ὀφρύσι
1051 2845 1273 2902 νεῦσε·
1319 2839 1522 2919 νόησε
1571 2832 1645 2900 δὲ
1692 2837 1834 2911 δῖος
1871 2832 2258 2917 Ὀδυσσεύς,

174 2960 252 3001 ιεε
279 2940 350 3005 ἐκ
395 2939 458 3006 δ’
498 2928 710 3024 ἦλθεν
755 2941 1066 3025 μεγάροιο
1112 2939 1264 3027 παρ’
1314 2940 1385 3005 ἐκ
1432 2939 1598 3025 μέγα
1643 2945 1888 3025 τειχίον
1934 2940 2169 3022 αὐλῆς,

281 3055 397 3128 στῆ
444 3042 519 3109 δὲ
563 3041 833 3130 πάροιθ’
881 3045 1109 3128 αὐτῆς.
1197 3048 1315 3111 τὸν
1363 3043 1438 3110 δὲ
1482 3044 1871 3131 προσέειπεν
1909 3041 2187 3127 Ἀθήνη·

369 3146 731 3233 »Διογενὲς
775 3150 1183 3235 Λαερτιάδη,
1229 3147 1640 3235 πολυμήχαν’
1687 3147 2036 3230 Ὀδυσσεῦ,

277 3255 406 3337 ἤδη
450 3264 580 3321 νῦν
626 3264 719 3343 σῷ
767 3253 955 3320 παιδὶ
1001 3256 1155 3330 ἔπος
1198 3255 1332 3339 φάο
1381 3251 1535 3338 μηδ’
1584 3253 1921 3336 ἐπίκευθε,

281 3359 368 3434 ὡς
413 3357 497 3423 ἂν
543 3367 950 3443 μνηστῆρσιν
994 3358 1300 3422 θάνατον
1345 3356 1457 3422 καὶ
1499 3355 1641 3442 κῆρ’
1688 3355 2008 3442 ἀραρόντε

177 3484 256 3525 170
283 3465 615 3548 ἔρχησθον
661 3467 854 3549 προτὶ
901 3464 1066 3529 ἄστυ
1115 3466 1529 3549 περικλυτόν.
1623 3460 1767 3528 οὐδ’
1813 3461 1940 3544 ἐγὼ
1987 3462 2151 3545 αὐτὴ

282 3568 489 3653 δηρὸν
535 3566 662 3631 ἀπὸ
709 3579 924 3653 σφῶιν
972 3572 1203 3656 ἔσομαι
1251 3579 1537 3653 μεμαυῖα
1589 3566 1978 3653 μάχεσθαι.“

11 1558 32 1595 ὃ
