2650 3909
27 761 46 797 f

770 269 814 303 π
851 251 966 319 (16)
1003 250 1425 321 ἀναγνωρισμὸς
1456 247 1774 313 Ὀδυσσέως.
2205 251 2289 314 59

173 434 250 476 265
278 409 563 496 ἀνδράσι
608 433 676 475 τε
721 408 1071 495 κρατέουσι
1116 407 1229 475 καὶ
1273 407 1668 476 ἀθανάτοισι
1713 410 1997 476 θεοῖσι.“

364 517 482 579 τὸν
529 512 592 578 δ’
633 509 788 579 αὖτε
834 514 1179 600 προσέειπε
1224 516 1554 591 πολύτλας
1600 516 1743 591 δῑος
1780 512 2156 592 Ὀδυσσεύς·

367 619 495 702 ,,οὐ
541 618 662 702 μέν
707 643 809 685 τοι
854 622 1052 685 κείνω
1099 643 1174 703 γε
1217 623 1433 685 πολὺν
1479 623 1725 705 χρόνον
1771 618 1974 705 ἀμφὶς
2009 623 2292 686 ἔσεσθον

276 725 646 807 φυλόπιδος
689 734 1038 811 κρατερῆς,
1084 726 1278 791 ὁπότε
1327 735 1695 812 μνηστῆρσι
1740 724 1851 790 καὶ
1894 723 2055 809 ἡμῖν

278 828 352 893 ἐν
397 829 781 916 μεγάροισιν
829 831 1043 915 ἐμοῖσι
1089 831 1286 914 μένος
1333 834 1636 916 κρίνηται
1665 829 1924 916 Ἄρηος.

169 961 250 1001 2⁷0
277 932 442 999 ἀλλὰ
488 937 572 1000 σὺ
618 931 741 1018 μὲν
786 944 914 1000 νῦν
961 936 1154 1020 ἔρχευ
1200 931 1310 1018 ἅμ’
1355 934 1470 1017 ἠοῖ
1509 933 2000 1019 φαινομένηφιν

276 1041 533 1123 οἴκαδε,
576 1038 687 1104 καὶ
732 1049 1143 1126 μνηστῆρσιν
1188 1040 1699 1124 ὑπερφιάλοισιν
1745 1040 1985 1123 ὁμίλει·

275 1144 480 1229 αὐτὰρ
527 1140 639 1229 ἐμὲ
683 1143 875 1229 προτὶ
918 1146 1085 1211 ἄστυ
1133 1146 1433 1230 συβώτης
1476 1145 1757 1230 ὕστερον
1802 1142 1972 1228 ἄξει,

274 1260 506 1337 πτωχῷ
556 1248 887 1337 λευγαλέῳ
934 1250 1311 1333 ἐναλίγκιον
1357 1250 1476 1334 ἠδὲ
1522 1250 1801 1335 γέροντι.

275 1356 339 1418 εἰ
381 1353 462 1420 δέ
503 1352 568 1438 μ’
614 1354 1007 1439 ἀτιμήσουσι
1057 1357 1266 1438 δόμον
1310 1355 1507 1438 κάτα,
1554 1357 1676 1419 σὸν
1724 1352 1797 1420 δὲ
1841 1359 2043 1439 φίλον
2088 1364 2211 1439 κῆρ

166 1484 246 1526 2¹16
274 1459 557 1525 τετλάτω
605 1458 678 1523 έν
723 1462 1040 1542 στήθεσσι
1084 1470 1298 1536 κακῶς
1342 1461 1710 1544 πάσχοντος
1756 1458 1964 1543 ἐμεῖο,

272 1565 358 1646 ἥν
402 1586 526 1647 περ
571 1562 682 1629 καὶ
729 1566 839 1629 διὰ
887 1566 1073 1649 δῶμα
1116 1566 1346 1630 ποδῶν
1391 1564 1628 1629 ἕλκωσι
1671 1566 1917 1649 θύραζε

273 1668 315 1752 ἣ
358 1667 622 1753 βέλεσιν
668 1670 989 1753 βάλλωσι·
1039 1673 1121 1736 σὺ
1171 1668 1230 1735 δ’
1278 1672 1602 1753 εἰσορόων
1648 1669 2022 1755 ἀνέχεσθαι.

273 1770 418 1839 ἀλλ’
462 1776 609 1856 ἤτοι
645 1776 978 1841 παύεσθαι
1025 1774 1366 1867 ἀνωγέμεν
1412 1774 1893 1861 ἀφροσυνάων,

274 1883 616 1964 μειλιχίοις
663 1878 922 1946 ἐπέεσσι
965 1883 1353 1966 παραυδῶν·
1402 1880 1473 1945 οἱ
1514 1879 1596 1945 δέ
1634 1903 1736 1945 τοι
1782 1881 1865 1945 οὕ
1908 1903 1971 1946 τι

166 2011 247 2051 280
271 1986 636 2049 πείσονται·
685 1987 767 2069 δὴ
813 1986 941 2071 γάρ
990 2004 1108 2070 σφι
1154 1990 1542 2071 παρίσταται
1589 1990 1855 2068 αἴσιμον
1900 1981 2094 2069 ἦμαρ.

273 2086 407 2141 ἄλλο
445 2086 510 2141 δέ
546 2106 634 2141 τοι
672 2082 834 2159 ἐρέω,
874 2089 941 2141 σὺ
979 2085 1037 2142 δ’
1072 2083 1157 2143 ένὶ
1194 2088 1364 2157 φρεσὶ
1401 2085 1821 2159 βάλλεο·σῇσιν·

190 2199 195 2208 ·
273 2171 482 2228 ὁππότε
520 2192 622 2229 κεν
657 2173 1000 2246 πολύβουλος
1037 2170 1123 2229 ἐνὶ
1160 2174 1325 2244 φρεσὶ
1361 2178 1537 2244 θῇσιν
1569 2170 1801 2242 Ἀθήνη,

272 2261 450 2315 νεύσω
488 2259 591 2330 μέν
626 2280 714 2315 τοι
751 2256 857 2330 ἐγὼ
895 2266 1141 2332 κεφαλῇ,
1180 2263 1246 2315 σὺ
1286 2258 1344 2316 δ’
1384 2260 1575 2316 ἔπειτα
1614 2261 1845 2330 νοήσας,

273 2346 413 2403 ὅσσά
447 2367 535 2402 τοι
573 2344 635 2402 ἐν
673 2346 996 2419 μεγάροισιν
1026 2346 1213 2418 Ἀρήια
1248 2348 1451 2418 τεύχεα
1487 2355 1696 2417 κεῖται,

164 2456 244 2497 285
274 2431 331 2498 ἐς
365 2435 543 2505 μυχὸν
579 2436 799 2504 ὑψηλοῦ
835 2434 1100 2505 θαλάμου
1136 2439 1480 2490 καταθεῖναι
1517 2437 1713 2506 ἀείρας

270 2521 459 2577 πάντα
497 2521 630 2593 μάλ’
647 2540 659 2552 ·
698 2521 876 2593 αὐτὰρ
915 2529 1232 2592 μνηστῆρας
1267 2527 1540 2592 μαλακοῖς
1578 2519 1798 2578 ἐπέεσσι

270 2608 645 2682 παρφάσθαι,
685 2607 773 2665 ὅτε
812 2608 912 2666 κέν
950 2627 1011 2665 σε
1049 2615 1387 2680 μεταλλῶσιν
1421 2609 1754 2674 ποθέοντες·

275 2694 361 2753 εἐκ
397 2707 619 2755 καπνοῦ
656 2694 958 2768 κατέθηκ’,
997 2693 1121 2753 ἐπεὶ
1157 2697 1347 2754 οὐκέτι
1381 2706 1559 2755 τοῖσιν
1597 2695 1763 2772 ἐῴκει

2163 1780 2431 1856 ἓ.

272 2784 366 2841 οἷά
402 2806 536 2843 ποτε
579 2789 786 2858 Τροίην
823 2785 887 2841 δὲ
924 2787 1063 2842 κιὼν
1100 2786 1429 2843 κατέλειπεν
1463 2783 1782 2856 Ὀδυσσεύς,

165 2892 245 2932 290
273 2873 412 2928 ἀλλὰ
447 2872 803 2957 κατῄκισται,
843 2872 1008 2948 ὅσσρν
1044 2876 1221 2944 πυρὸς
1257 2873 1395 2930 ἵκετ’
1430 2875 1629 2954 ἀυτμή.
1724 2887 1834 2936 ΟΝ.
1865 2825 2633 2984 ψῧιιίρἲενκιῆιίχτζρμ

271 2961 410 3032 πρὸς
447 2960 503 3015 δ’
538 2960 618 3016 ἔτι
656 2961 754 3016 καὶ
796 2960 924 3017 τόδε
962 2966 1149 3032 μεῖζον
1189 2958 1275 3017 ἐνὶ
1312 2962 1478 3033 φρεσὶ
1514 2967 1662 3031 θῆκε
1700 2965 1986 3034 Κρονίων,
2457 2972 2476 2992 “

272 3048 348 3119 μή
383 3069 501 3113 πως
538 3048 900 3117 οἰνωθέντες,
940 3046 1060 3118 ἔριν
1097 3049 1399 3118 στήσαντες
1436 3046 1499 3105 ἐν
1533 3052 1693 3118 ὑμῖν,
2429 2983 2560 3103 „kx

270 3137 538 3206 ἀλλήλους
573 3137 815 3208 τρώσητε
851 3135 1258 3206 καταισχύνητέ
1294 3157 1355 3193 τε
1393 3140 1562 3193 δαῖτα

271 3224 369 3279 καὶ
406 3224 676 3294 μνηστύν·
716 3225 885 3288 αὐτὸς
920 3223 1028 3295 γὰρ
1066 3221 1363 3294 ἐφέλκεται
1398 3226 1581 3297 ἄνδρα
1618 3224 1883 3295 σίδηρος.’

164 3330 243 3372 295
270 3322 408 3368 νῶιν
445 3310 501 3367 δ’
536 3314 739 3367 οἴοισιν
776 3312 880 3368 δύο
918 3311 1186 3382 φάσγανα
1222 3313 1320 3368 καὶ
1358 3314 1461 3369 δύο
1500 3317 1665 3383 δοῦρε

270 3398 591 3456 καλλιπέειν
628 3400 726 3456 καὶ
763 3400 895 3455 δοιὰ
932 3400 1172 3473 βοάγρια
1206 3402 1397 3471 χερσὶν
1435 3396 1691 3469 ἑλέσθαι,

270 3488 345 3550 ὡς
380 3484 453 3542 ἂν
492 3485 866 3562 ἐπιθύσαντες
903 3483 1199 3559 ἑλοίμεθα·
1236 3490 1367 3552 τοὺς
1404 3487 1469 3544 δέ
1504 3486 1562 3543 κ’
1596 3487 1790 3544 ἔπειτα
1839 3462 2140 3534 W<—
2195 3475 2286 3532 »q
2295 3471 2378 3510 φ
2401 3479 2472 3514 ⁰⁴
2501 3486 2550 3508 ⁹
2479 3446 2624 3554 ¹⁴)

269 3573 496 3637 Παλλὰς
525 3572 793 3644 Ἀθηναίη
830 3573 1021 3642 θέλξει
1058 3576 1158 3631 καὶ
1194 3576 1424 3645 μητίετα
1465 3578 1615 3641 Ζεύς.
2625 3569 2626 3642 l
