2650 3909
956 255 999 289 ω
1039 237 1152 304 (24)
1191 233 1428 305 δευτέρα
1465 234 1678 290 νέκυια.
2191 228 2318 293 179

298 396 388 460 τὼ
437 398 476 461 δ
481 392 511 460 ὲ
557 403 965 481 μνηστῆρσιν
1010 395 1310 460 θάνατον
1356 398 1560 460 κακὸν
1606 394 1969 480 ἀρτύναντε

299 502 527 565 ἵκοντο
571 499 764 584 προτὶ
808 501 973 564 ἄστυ
1018 504 1446 583 περικλυτόν,
1490 503 1636 584 ἤτοι
1676 496 2029 573 Ὀδυσσεὺς

190 627 271 670 155
297 606 603 691 ὕστερος,
649 603 855 690 αὐτὰρ
913 604 1286 690 Τηλέμαχος
1331 602 1574 690 πρόσθ’
1626 604 2002 688 ἡγεμόνευε.

298 712 415 775 τὸν
462 707 537 775 δὲ
584 712 880 793 συβώτης
924 704 1041 793 ἦγε
1088 711 1254 774 κακὰ
1299 712 1454 796 χροῒ
1494 708 1701 794 εἵματ’
1746 712 2013 794 ἔχοντα,

297 824 533 901 πτωχςό
583 813 913 904 λευγαλέῳ
963 813 1338 896 ἐναλίγκιον
1387 811 1502 899 ἠδὲ
1547 812 1810 899 γέροντι

303 917 719 988 σκηπτόμενον
757 916 829 972 τὰ
865 915 928 973 δὲ
966 917 1141 988 λυγρὰ
1175 917 1307 987 περὶ
1344 917 1472 987 χροῒ
1506 918 1707 987 εἵματα
1745 914 1895 971 ἕστο·

300 1008 464 1075 οὐδέ
504 1032 603 1086 τις
647 1009 896 1092 ἡμείων
942 1008 1188 1073 δύνατο
1235 1018 1489 1091 γνῶναι
1533 1010 1652 1073 τὸν
1697 1006 1890 1072 ἐόντα

158 1138 272 1207 ,ιω
300 1113 605 1198 ἐξαπίνης
647 1111 1077 1200 προφανέντ’,
1121 1110 1267 1179 οὐδ’
1312 1116 1382 1179 οἳ
1421 1111 1924 1198 προγενέστεροι
1968 1106 2168 1195 ἦσαν,
2342 1190 2351 1204 ,

36 1215 271 1306 W
300 1215 441 1282 ἀλλ’
487 1221 713 1283 ἔπεσίν
756 1241 824 1282 τε
869 1229 1171 1283 κακοῖσιν
1217 1217 1566 1302 ἐνίσσομεν
1611 1214 1731 1300 ἠδὲ
1777 1221 2074 1306 βολῇσιν.
2191 1230 2420 1294 enm-po

13 1303 27 1324 ς
60 1289 506 1403 (γ’ῃτφάύτὰρ
554 1323 590 1389 ὁ
637 1320 797 1398 τέως
840 1318 962 1405 μὲν
1009 1321 1248 1406 ἐτόλμα
1294 1320 1395 1386 ἐνὶ
1441 1322 1830 1407 μεγάροισιν
1874 1320 2040 1387 ἑοῖσι

299 1430 705 1511 βαλλόμενος
748 1425 858 1491 καὶ
905 1426 1331 1510 ἐνισσόμενος
1373 1429 1667 1508 τετληότι
1710 1432 1937 1513 θυμῷ·

189 1542 196 1550 ’
300 1530 441 1597 ἀλλ’
489 1533 595 1597 ὅτε
643 1534 726 1615 δή
773 1557 889 1617 μιν
933 1535 1145 1618 ἔγειρε
1192 1534 1361 1607 Διὸς
1403 1534 1560 1608 νόος
1605 1534 1958 1616 αἰγιόχοιο,

196 1661 273 1701 1⁰5
303 1639 439 1702 σὺν
475 1633 597 1721 μὲν
653 1638 1006 1725 Τηλεμάχῳ
1051 1634 1443 1723 περικαλλέα
1489 1634 1694 1721 τεύχε’
1741 1635 1962 1721 ἀείρας

301 1742 367 1819 ἐς
410 1742 718 1826 θάλαμον
762 1740 1083 1826 κατέθηκε
1128 1740 1238 1807 καὶ
1284 1741 1627 1824 ἐκλήισσεν
1674 1742 1902 1827 ὀχῆας,

302 1847 507 1934 αὐτὰρ
555 1848 591 1913 ὁ
637 1848 722 1931 ἣν
767 1850 1014 1933 ἄλοχον
1058 1849 1576 1934 πολυκερδίῃσιν
1621 1849 1837 1930 ἄνωγε

303 1953 495 2031 τόξον
541 1955 984 2039 μνηστήρεσσι
1029 1951 1237 2050 θέμεν
1282 1955 1522 2018 πολιόν
1565 1976 1635 2018 τε
1683 1954 1991 2038 σίδηρον,
2072 1960 2300 2029 vuar*

302 2057 461 2141 ἡμῖν
508 2060 984 2144 αἰνομόροισιν·
1015 2058 1250 2124 ἀέθλια
1295 2056 1407 2123 καὶ
1450 2061 1668 2143 φόνου
1715 2058 1945 2144 ἀρχήν.

201 2186 276 2224 170
305 2162 467 2228 οὐδέ
506 2186 605 2239 τις
647 2163 897 2245 ἡμείων
945 2163 1190 2228 δύνατο
1237 2176 1580 2248 κρατεροῖο
1625 2168 1801 2247 βιοῖο

302 2269 551 2351 νευρὴν
597 2267 983 2350 ἐντανύσαι,
1026 2269 1278 2332 πολλὸν
1324 2264 1385 2331 δ’
1433 2265 1762 2345 ἐπιδευέες
1803 2263 1985 2352 ἦμεν.

305 2369 446 2437 ἀλλ’
492 2371 599 2435 ὅτε
643 2357 877 2456 χεῖρας
910 2372 1135 2435 ἵκανεν
1176 2369 1535 2455 Ὀδυσσῆος
1580 2370 1746 2454 μέγα
1790 2371 2017 2454 τόξον,

304 2472 447 2541 ἐνθ’
493 2475 681 2559 ἡμεῖς
723 2472 845 2559 μὲν
888 2475 1127 2551 πάντες
1173 2473 1576 2559 ὁμοκλέομεν
1624 2474 1880 2541 ἐπέεσσι

302 2581 497 2659 τόξον
542 2581 631 2665 μὴ
681 2581 987 2664 δόμεναι,
1032 2577 1185 2664 μηδ’
1230 2582 1293 2645 εἰ
1336 2580 1510 2663 μάλα
1557 2578 1745 2646 πόλλ’
1791 2581 2125 2666 ἀγορεύοι·

201 2709 277 2750 175
315 2684 688 2771 Τηλέμαχος
731 2684 811 2750 δέ
850 2710 967 2770 μιν
1012 2681 1150 2762 οἷος
1196 2686 1581 2770 ἐποτρύνων
1629 2683 1984 2752 ἐκέλευσεν.

304 2794 509 2877 αὐτὰρ
557 2792 593 2858 ὁ
641 2790 869 2869 δέξατο
914 2790 1083 2877 χειρὶ
1127 2793 1457 2868 πολύτλας
1504 2794 1645 2869 δῖος
1684 2790 2067 2877 Ὀδυσσεύς,

305 2898 579 2983 ῥηιδίως
624 2891 685 2961 δ’
731 2896 1046 2961 ἐτάνυσσε
1090 2900 1276 2981 βιόν,
1322 2898 1437 2961 διὰ
1484 2894 1547 2961 δ’
1589 2892 1705 2980 ἧκε
1753 2899 2061 2983 σιδήρου·

305 3010 423 3084 στῆ
471 2998 533 3065 δ’
574 2997 679 3082 ἄρ’
726 2998 822 3064 ἐπ’
875 3000 1081 3066 οὐδὸν
1129 3003 1279 3085 ἰών,
1324 2998 1554 3086 ταχέας
1601 2999 1663 3065 δ’
1718 3001 2005 3086 ἐκχεύατ’
2063 3006 2319 3083 ὀιστοὺς

306 3108 531 3172 δεινὸν
575 3108 994 3185 παπταίνων,
1038 3107 1196 3189 βάλε
1245 3103 1305 3171 δ’
1347 3104 1684 3171 Ἀντίνοον
1729 3111 2028 3193 βασιλῆα.

200 3233 279 3274 180
306 3212 511 3294 αὐτὰρ
560 3207 755 3276 ἔπειτ’
799 3212 1024 3286 ἄλλοις
1070 3210 1239 3295 ἐφίει
1285 3210 1480 3293 βέλεα
1527 3214 1879 3278 στονόεντα

305 3317 468 3380 ἄντα
511 3318 1001 3399 τιτυσκόμενος·
1048 3314 1151 3381 τοὶ
1197 3313 1258 3381 δ’
1304 3314 1673 3401 ἀγχιστῖνοι
1719 3319 2007 3385 ἔπιπτον.

305 3422 561 3503 γνωτὸν
608 3419 666 3484 δ’
714 3415 799 3505 ἦν
844 3421 881 3485 ὅ
928 3421 1013 3506 ῥά
1056 3425 1156 3497 τίς
1202 3438 1319 3506 σφι
1363 3428 1545 3486 θεῶν
1594 3420 2030 3514 ἐπιτάρροθος
2072 3420 2216 3508 ἦεν·
2261 3416 2442 3520 μὴν

305 3526 536 3591 αὐτίκα
582 3526 708 3609 γὰρ
753 3527 914 3624 κατὰ
962 3523 1204 3612 δώματ’
1251 3527 1677 3612 ἐπισπόμενοι
1724 3526 1910 3612 μένει·
1951 3538 2095 3616 σφῷ

1789 3650 1897 3702 12*
