2650 3909
774 255 818 289 π
852 238 966 306 (16)
1003 237 1424 307 ἀναγνωρισμὸς
1455 235 1772 301 Ὀδυσσέως.
2202 238 2286 301 61

165 418 248 459 330
275 397 516 462 οὕνεκα
570 395 945 480 Τηλέμαχος
989 393 1111 479 μὲν
1158 394 1254 461 ἐπ’
1304 397 1546 482 ἀγροῦ,
1592 406 1720 481 νῆα
1767 392 1829 462 δ’
1874 397 2114 482 ἀνώγει

273 503 437 566 ἄστυ
485 500 545 565 δ’
592 501 1003 583 ἀποπλείειν,
1047 502 1158 566 ἵνα
1204 504 1292 585 μὴ
1343 500 1592 568 δείσασ’
1637 500 1739 567 ἐνὶ
1782 508 1981 589 θυμῷ

275 608 521 690 ἰφθίμη
568 610 868 690 βασίλεια
913 605 1100 692 τέρεν
1145 608 1308 671 κατὰ
1357 607 1650 692 δάκρυον
1695 610 1883 689 εἴβοι.

367 712 458 776 τὼ
506 708 581 776 δὲ
629 714 1043 795 συναντήτην
1087 711 1291 797 κῆρυξ
1339 710 1449 776 καὶ
1496 713 1639 788 δῖος
1681 711 1981 795 ὑφορβὸς

273 825 387 898 τῆς
432 817 633 901 αὐτῆς
679 814 848 883 ἕνεκ’
892 816 1229 901 ἀγγελίης,
1275 816 1536 903 ἐρέοντε
1582 821 1866 899 γυναικί.

166 945 246 986 335
275 919 419 986 ἀλλ’
466 922 572 987 ὅτε
621 924 704 1005 δή
751 920 812 1007 ῥ’
859 923 1083 987 ἵκοντο
1131 924 1341 1006 δόμον
1386 925 1583 988 θείου
1629 927 1975 1006 βασιλῆος,

272 1027 475 1111 κῆρυξ
524 1026 645 1112 μέν
691 1028 776 1113 ῥα
822 1027 1058 1113 μέσῃσι
1104 1029 1264 1111 μετὰ
1311 1030 1612 1117 δμωῇσιν
1660 1031 1901 1094 ἔειπεν·

365 1135 536 1217 »ἤδη
583 1156 719 1217 τοι,
763 1137 1096 1216 βασίλεια,
1142 1137 1337 1218 φίλος
1379 1133 1533 1210 πάις
1575 1135 1991 1217 είλήλουθε.“

362 1242 784 1324 Πηνελοπείῃ
831 1236 890 1301 δ’
937 1234 1078 1303 εἶπε
1126 1240 1423 1322 συβώτης
1468 1240 1620 1323 ἄγχι
1664 1240 1997 1322 παραστὰς

275 1340 511 1436 πάνθ’,
560 1343 682 1407 ὅσα
729 1344 800 1407 οἰ
840 1346 1037 1427 φίλος
1079 1344 1226 1419 υίὸς
1271 1342 1513 1425 ἀνώγει
1558 1347 2011 1427 μυθήσασθαι.

164 1473 246 1512 340
274 1446 481 1532 αὐτὰρ
529 1445 670 1511 ἐπεὶ
716 1449 799 1530 δὴ
846 1457 1064 1512 πᾶσαν
1111 1446 1543 1530 ἐφημοσύνην
1589 1445 1886 1530 ἀπέειπε,

273 1555 358 1634 βῆ
407 1548 466 1637 ῤ’
516 1558 734 1634 ἴμεναι
780 1549 932 1636 μεθ’
977 1552 1130 1634 ὕας,
1176 1539 1322 1617 λίπε
1371 1550 1431 1615 δ’
1475 1551 1667 1636 ἕρκεά
1710 1575 1780 1617 τε
1827 1551 2115 1636 μέγαρόν
2161 1575 2247 1617 τε.

362 1663 728 1740 μνηστῆρες
773 1654 837 1720 δ’
879 1656 1203 1741 ἀκάχοντο
1248 1657 1637 1741 κατήφησάν
1681 1654 1737 1721 τ’
1789 1655 1891 1721 ἐνὶ
1933 1663 2131 1745 θυμῷ
2147 1707 2165 1740 ,

276 1761 345 1826 ἐκ
392 1759 454 1825 δ’
497 1756 715 1844 ἦλθον
760 1762 1075 1846 μεγάροιο
1119 1759 1273 1847 παρ’
1318 1761 1391 1826 ἐκ
1435 1760 1601 1846 με’γα
1644 1766 1890 1847 τειχίον
1934 1762 2170 1845 αὐλῆς,

275 1867 482 1932 αὐτοῦ
529 1863 604 1929 δὲ
649 1866 1065 1952 προπάροιθε
1111 1866 1391 1951 θυράων
1438 1864 1813 1952 ἑδριόωντο.

169 1996 248 2037 345
276 1983 492 2037 τοῖσιν
538 1969 599 2034 δ’
653 1970 1079 2056 Εὐρύμαχος,
1126 1974 1448 2055 Πολύβου
1494 1983 1678 2056 παῖς,
1722 1968 1871 2058 ἦρχ’
1916 1971 2289 2059 ἀγορεύειν·

366 2072 462 2160 ,,ὦ
510 2079 729 2159 φίλοι,
773 2072 815 2160 ἦ
863 2075 1028 2160 μέγα
1076 2079 1272 2161 ἔργον
1316 2077 1744 2163 ὑπερφιάλως
1787 2077 2152 2143 τετέλεσται

285 2183 640 2270 Τηλεμάχῳ
687 2182 843 2257 ὁδὸς
888 2177 1034 2264 ἥδε·
1083 2182 1302 2278 φάμεν
1350 2181 1430 2246 δέ
1470 2184 1541 2247 οἱ
1581 2182 1663 2247 οὐ
1707 2180 2067 2248 τελέεσθαι.
2171 2145 2338 2250 πὲ(

277 2284 419 2353 ἀλλ’
465 2289 581 2370 ἄγε
626 2295 754 2370 νῆα
800 2284 1118 2369 μέλαιναν
1165 2285 1563 2370 ἐρύσσομεν,
1607 2288 1649 2368 ῆ
1696 2309 1794 2364 τις
1838 2287 2069 2370 ἀρίστη
2085 2336 2103 2369 ,

278 2393 344 2470 ἐς
390 2391 452 2456 δ’
495 2391 718 2479 ἐρέτας
763 2390 993 2496 ἁλιῆας
1039 2389 1421 2476 ἀγείρομεν,
1468 2392 1539 2456 οἵ
1576 2414 1648 2455 κε
1694 2392 1963 2475 τάχιστα
2109 2401 2298 2511 <tho-

169 2522 251 2563 850
276 2501 520 2574 κείνοις
566 2496 920 2579 ἀγγείλωσι
965 2502 1147 2572 θοῶς
1190 2491 1379 2561 οἶκον
1426 2492 1501 2559 δὲ
1546 2494 1883 2560 νέεσθαι.“

366 2604 447 2667 οὔ
493 2624 594 2667 πω
639 2611 772 2667 πᾶν
818 2598 1066 2685 εἴρηθ’,
1114 2597 1209 2665 ὅτ’
1254 2598 1359 2687 ἄρ’
1408 2598 1811 2685 Ἀμφίνομος
1858 2603 1958 2667 ἴδε
2001 2593 2161 2686 νῆα,

278 2705 632 2795 στρεφθεὶς
677 2708 749 2773 ἐκ
791 2709 1038 2794 χώρης,
1084 2705 1350 2791 λιμένος
1393 2707 1849 2791 πολυβενθέος
1893 2706 2107 2791 ἐντός,

280 2815 451 2878 ἱστία
496 2836 565 2878 τε
614 2812 1001 2913 στέλλοντας
1047 2813 1282 2897 ἐρετμά
1327 2835 1396 2877 τε
1441 2810 1670 2899 χερσὶν
1717 2815 2002 2898 ἔχοντας.
2038 2791 2356 2942 etz-wanka

276 2921 406 3002 ἡδὺ
454 2917 513 2984 δ’
560 2916 666 3004 ἄρ’
710 2918 1061 3002 ἐκγελάσας
1108 2920 1519 3002 μετεφώνεεν
1564 2910 1665 2995 οἷς
1710 2916 2025 3005 ἑτάροισι·

172 3047 251 3087 355
370 3026 500 3108 ,,μή
545 3020 673 3088 τιν’
717 3021 806 3088 ἔτ’
848 3023 1160 3107 ἀγγελίην
1208 3024 1622 3110 ὀτρύνομεν·’
1649 3015 1791 3088 οἶδε
1837 3025 1962 3109 γὰρ
2011 3026 2226 3089 ἔνδον.

275 3132 318 3213 ἥ
363 3134 462 3207 τίς
507 3147 672 3212 σφιν
717 3127 857 3195 τόδ’
898 3132 1070 3194 ἔειπε
1115 3135 1329 3212 θεῶν,
1375 3128 1416 3212 ἢ
1462 3130 1715 3193 εἴσιδον
1762 3126 1951 3193 αὐτοὶ

275 3244 404 3319 νῆα
449 3233 981 3321 παρερχομένην,
1024 3236 1148 3317 τὴν
1194 3230 1255 3300 δ’
1306 3234 1429 3299 οὐκ
1475 3233 1797 3299 ἐδύναντο
1841 3234 2167 3318 κιχῆναι.“

365 3340 454 3417 ὣς
498 3338 727 3424 ἔφαθ’,
774 3341 845 3405 οἰ
885 3337 947 3405 δ’
994 3338 1348 3416 ἀνστάντες
1393 3342 1554 3423 ἔβαν
1590 3337 1698 3403 ἐπὶ
1733 3345 1897 3404 θῖνα
1932 3341 2294 3424 θαλάσσης,

277 3441 442 3524 αἶψα
488 3442 563 3510 δὲ
608 3455 735 3530 νῆα
781 3447 1099 3530 μέλαιναν
1148 3442 1244 3510 ἐπ’
1291 3445 1592 3530 ἠπείροιο
1639 3447 1957 3531 ἔρυσσαν,

171 3572 250 3612 300
277 3552 508 3635 τεύχεα
555 3549 635 3614 δέ
676 3549 789 3634 σφ’
838 3549 1190 3616 ἀπένεικαν
1235 3549 1616 3636 ὑπέρθυμοι
1659 3550 2078 3637 θεράποντες.
