2650 3909
128 577 292 657 cim«

424 231 509 294 14
854 195 888 284 ν
926 233 1038 299 (13)
1070 227 1376 292 Ὀδυσσέως
1412 228 1604 299 ἄφιξις
1640 228 1720 291 εἰς
1750 227 2003 298 Ἰθάκην.

2111 275 2352 415 maun)
2371 299 2646 406 qam-aua?

422 391 671 468 ξανθὰς
718 387 779 456 δ’
823 389 894 456 ε’κ
939 305 1226 482 κεφαλέἑ
1272 388 1481 455 ὀλέσω
1527 393 1781 486 τρίχας,
1827 386 1995 475 ἀμφὶ
2041 386 2114 455 δὲ
2162 395 2397 485 λαῖφος

314 473 397 556 400
423 513 627 580 εσσω,
753 519 826 561 κε
875 493 1225 581 στυγέῃσιν
1273 497 1438 560 ἰδὼν
1483 497 1838 580 ἄνθρωπος
1882 499 2143 581 ἔχοντα,
2639 515 2647 533 ’

421 603 731 695 κνυζώσω
780 598 860 664 δέ
898 622 1000 664 τοι
1048 601 1203 664 ὄσσε
1246 599 1455 682 πάρος
1498 596 1870 684 περικαλλέ’
1914 598 2128 681 ἐόντε,

421 707 509 782 ὡς
554 705 638 770 ἂν
683 704 1002 779 ἀεικέλιος
1045 711 1207 767 πᾶσι
1252 712 1618 787 μνηστῆρσι
1663 704 1921 787 φανήῃς

422 819 503 894 σῇ
548 807 605 874 τ’
652 810 869 896 ἀλόχῳ
915 806 1025 873 καὶ
1070 808 1290 891 παιδί,
1336 810 1453 873 τὸν
1500 806 1573 872 ἐν
1619 808 2005 891 μεγάροισιν
2051 810 2316 884 ἔλειπες.

422 915 619 991 αὐτὸς
665 911 739 978 δὲ
784 913 1116 997 πρώτιστα
1163 914 1469 996 συβώτην
1515 910 2008 996 εἰσαφικέσθαι,

313 1038 394 1079 405
423 1019 496 1095 ὅς
538 1042 642 1084 τοι
685 1018 827 1083 ὑῶν
876 1017 1212 1101 ἐπίουρος,
1259 1017 1435 1106 ῥμ-ῥς
1480 1016 1560 1082 δέ
1599 1040 1702 1082 τοι
1745 1019 1906 1100 ἤπια
1951 1002 2612 1118 οἷδε,ζςιιξωωᾲῃμῖξ

419 1123 623 1188 παῖδά
668 1146 736 1187 τε
783 1125 905 1188 σὸν
949 1121 1162 1206 φιλέει
1208 1119 1318 1186 καὶ
1366 1120 1692 1208 ἐχέφρονα
1739 1125 2217 1205 Πηνελόπειαν.
2567 1121 2582 1128 ”

421 1231 602 1312 δήεις
645 1231 763 1296 τόν
809 1251 882 1311 γε
931 1228 1159 1292 σύεσσι
1203 1229 1611 1312 παρήμενον·
1659 1229 1734 1292 αἱ
1775 1223 1849 1291 δὲ
1893 1226 2202 1311 νέμονται

418 1334 550 1420 πὰρ
598 1336 899 1418 Κόρακος
942 1332 1144 1418 πέτρῃ
1191 1331 1305 1398 ἐπί
1345 1356 1412 1397 τε
1458 1334 1668 1419 κρήνῃ
1709 1327 2105 1419 Ἀρεθούσῃ,
2225 1350 2238 1357 ‘

421 1441 742 1505 ἔσθουσαι
785 1440 1080 1522 βάλανον
1127 1436 1466 1521 μενοεικέα
1512 1437 1622 1503 καὶ
1669 1437 1875 1522 μέλαν
1920 1438 2104 1524 ὕδωρ

315 1566 397 1604 410
423 1548 769 1627 πίνουσαι,
814 1545 893 1609 τά
938 1541 1008 1608 θ’
1052 1544 1241 1608 ὕεσσι
1286 1542 1516 1629 τρέφει
1559 1550 1923 1609 τεθαλυῖαν
1966 1543 2270 1641 ἀλοιφήν.
2319 1521 2410 1651 1525

419 1651 586 1714 ἔνθα
632 1648 857 1733 μένειν
902 1650 1012 1713 καὶ
1056 1648 1269 1712 πάντα
1312 1651 1686 1732 παρήμενος
1732 1646 2134 1733 ἐξερέεσθαι,

420 1749 570 1838 ὄφρ’
614 1753 699 1819 ἂν
748 1752 919 1836 ἐγὼν
965 1755 1142 1817 ἔλθω
1190 1753 1510 1834 Σπάρτην
1558 1751 1623 1827 ἐς
1666 1754 2139 1834 καλλιγύναικα

429 1856 807 1942 Τηλέμαχον
852 1855 1211 1937 καλέουσα,
1256 1858 1408 1920 τεὸν
1455 1859 1656 1939 φίλον
1699 1857 1885 1935 υἱόν,
1922 1854 2272 1941 Ὀδυσσεῦ,

419 1961 493 2037 ὅς
536 1985 638 2026 τοι
686 1961 751 2038 ἐς
795 1961 1161 2046 εὐρύχορον
1206 1962 1673 2043 Λακεδαίμονα
1716 1961 1848 2046 πὰρ
1893 1960 2243 2028 Μενέλαον

310 2088 391 2128 415
420 2065 623 2153 ᾤχετο
669 2070 1076 2150 πευσόμενος
1120 2067 1278 2149 μετὰ
1326 2067 1449 2131 σὸν
1493 2065 1712 2150 κλέος,
1755 2068 1798 2150 ἤ
1842 2088 1973 2132 που
2019 2065 2105 2132 ἔτ’
2150 2071 2345 2153 εἴης.“

504 2173 625 2254 τὴν
664 2169 723 2236 δ’
762 2170 1286 2255 ἀπαμειβόμενος
1321 2169 1620 2256 προσέφη
1659 2173 2021 2256 πολύμητις
2050 2171 2426 2251 Ὀδυσσεύς·

506 2280 728 2360 ,,τίπτε
774 2278 900 2362 γὰρ
947 2277 1030 2341 οὔ
1077 2277 1149 2340 οἱ
1188 2278 1430 2360 ἔειπες,
1477 2275 1578 2341 ἐνὶ
1622 2276 1817 2364 φρεσὶ
1862 2275 2051 2344 πάντ’
2097 2281 2338 2358 εἰδυῖας

416 2376 459 2465 ἦ
505 2384 618 2448 ἵνα
661 2404 792 2449 που
837 2381 945 2448 καὶ
991 2394 1209 2460 κεῖνος
1254 2382 1590 2467 ἀλώμενος
1635 2384 1836 2467 ἄλγεα
1880 2385 2093 2470 πάσχῃ

421 2491 672 2555 πόντον
720 2487 819 2555 ἐπ’
866 2489 1251 2572 ἀτρύγετον·
1297 2492 1527 2572 βιότον
1575 2487 1656 2553 δέ
1695 2489 1765 2553 οί
1805 2490 1995 2554 ἄλλοι
2041 2490 2329 2555 ἔδουσι.“

307 2616 389 2655 420
503 2597 622 2658 τὸν
669 2590 730 2657 δ’
784 2590 1066 2676 ἠμείβετ’
1114 2595 1334 2657 ἔπειτα
1378 2592 1506 2656 θεὰ
1552 2596 1927 2673 γλαυκῶπις
1964 2589 2240 2675 Ἀθήνη·

508 2698 637 2779 ,,μὴ
686 2698 770 2778 δή
814 2719 917 2760 τοι
963 2698 1181 2771 κεῖνός
1225 2718 1299 2777 γε
1347 2698 1498 2777 λίην
1545 2694 1861 2778 ἐνθύμιος
1905 2697 2087 2760 ἔστω.

416 2800 580 2882 αὐτή
625 2823 740 2883 μιν
785 2802 1157 2882 πόμπευον,
1202 2800 1315 2864 ’ἵνα
1360 2797 1549 2874 κλέος
1595 2798 1841 2864 ἐσθλὸν
1886 2801 2111 2883 ἄροιτο

415 2902 576 2970 κεῖσ’
621 2903 869 2969 ἐλθών·
917 2903 1078 2988 ἀταρ
1125 2905 1206 2969 οὔ
1252 2900 1379 2968 τιν’
1427 2905 1557 2988 ἔχει
1601 2907 1845 2989 πόνον,
1890 2904 2057 2971 ἀλλα
2103 2905 2331 2990 εκηλος

414 3005 607 3093 ἧσται
653 3007 725 3072 ἐν
765 3004 1099 3092 Ἀτρείδαο
1147 3010 1410 3093 δόμοις,
1461 3009 1637 3093 παρὰ
1683 3007 1742 3075 δ’
1790 3011 2034 3076 άσπετα
2077 3023 2301 3077 κεῖται.

307 3112 454 3199 42ῡῆ
503 3113 625 3199 μέν
670 3137 787 3196 μιν
832 3117 908 3177 λ
864 3115 1114 3202 -χόωσι
1159 3110 1300 3178 νέοι
1347 3117 1474 3179 σὺν
1519 3112 1632 3198 νηὶ
1678 3119 1984 3201 μελαίνῃ,
2035 3095 2190 3178 Qm'v
2199 3147 2242 3166 =
2276 3099 2448 3164 &¹24³
2494 3127 2594 3174 Ὠ.
2635 3133 2636 3142 ’

418 3218 663 3303 ἱέμενοι
709 3230 991 3301 κτεῖναι,
1034 3216 1193 3303 πρὶν
1237 3222 1522 3305 πατρίδα
1564 3231 1761 3303 γαῖαν
1809 3218 2097 3285 ἱκέσθαι·

414 3323 581 3389 ἀλλὰ
625 3324 704 3388 τά
750 3321 809 3407 γ’
858 3324 980 3389 οὐκ
1026 3323 1179 3407 ὀίω,
1225 3326 1383 3408 πρὶν
1429 3328 1547 3389 καί
1584 3347 1733 3389 τινα
1778 3334 1933 3406 γαῖα
1977 3323 2239 3403 καθέξει

415 3428 682 3513 ἀνδρῶν
729 3431 1155 3513 μνηστήρων,
1201 3430 1273 3493 οι
1310 3451 1415 3493 τοι
1459 3432 1687 3512 βίοτον
1733 3426 2140 3496 κατέδουσιν.
2141 3431 2185 3465 “

505 3533 593 3610 ὣς
638 3534 767 3615 ἄρα
813 3557 929 3643 μιν
975 3533 1233 3656 φαμένη
1281 3533 1510 3621 ράβδω
1557 3531 1944 3706 έπξέἴξ-σαθ
1992 3531 2260 3621 Ἀθήνη.

1847 3645 1934 3701 kd
