2650 3909
675 255 705 287 τ
745 237 854 303 (19)
887 230 1191 297 Ὀδυσσέως
1227 233 1322 289 καὶ
1361 233 1693 303 Πηνελόπης
1730 233 1933 303 ὁμιλία.
2182 229 2310 295 115

289 394 686 481 πεφραδέειν
734 393 1057 460 ἐθέλουσα
1102 398 1301 479 φίλον
1347 397 1547 459 πόσιν
1592 396 1790 459 ἔνδον
1837 392 2045 459 ἐόντα.

290 501 331 583 ἡ
379 499 441 565 δ’
486 499 628 566 οὔτ’
671 499 962 586 ἀθρῆσαι
1009 497 1235 565 δύνατ’
1282 499 1472 583 ἀντίη
1522 500 1672 564 οὔτε
1718 508 1981 581 νοῆσαι·

292 614 366 690 τῆ
414 606 539 691 γὰρ
576 603 898 690 Ἀθηναίη
944 607 1108 670 νόον
1155 607 1448 690 ἔτραπεν.
1541 605 1747 690 αὐτὰρ
1787 602 2141 679 Ὀδυσσεὺς

183 732 265 771 480
292 707 455 796 χείρ’
504 709 1026 794 ἐπιμασσάμενος
1070 711 1368 795 φάρυγος
1412 696 1571 794 λάβε
1619 708 2023 796 δεξιτερῆφι,

290 824 368 900 τῇ
417 813 477 879 δ’
525 813 707 902 ἑτέρῃ
755 814 1167 903 ἕθενᾛσσον
1217 814 1540 900 ἐρύσσατο
1587 814 1895 899 φώνησέν
1943 833 2037 878 τε·
2220 793 2381 882 lum„

381 932 608 1005 ,,μαῖα,
644 925 713 985 τί
740 923 783 1003 ἤ
820 916 888 1003 μ’
924 919 1177 996 ἐθέλεις
1215 918 1471 998 ὀλέσαις
1521 923 1603 984 σὺ
1643 918 1723 984 δέ
1745 916 1812 1002 μ’
1850 921 2114 1003 ἔτρεφες
2149 917 2312 1000 αὐτὴ
2334 998 2357 1008 -
2432 955 2447 996 1
2505 905 2551 1026 z,

290 1034 380 1113 τῷ
430 1034 523 1112 σῷ
573 1003 928 1116 ἐπ’ἷῖρῖαζῷ·
976 1035 1103 1090 νῦν
1150 1022 1210 1090 δ’
1261 1025 1465 1107 ἄλγεα
1509 1026 1722 1090 πολλὰ
1768 1026 2062 1108 μογήσας
2327 988 2543 1061 ‘'Tm'‘

291 1134 556 1213 ἤλυθον
604 1133 875 1222 εἰκοστῷ
927 1132 1058 1194 ἔτει·
1101 1129 1167 1205 ἐς
1211 1131 1494 1213 πατρίδα
1540 1141 1753 1212 γαῖαν.

184 1255 264 1294 485
292 1234 433 1300 ἀλλ’
486 1233 625 1300 ἐπεὶ
671 1227 1013 1321 ἐφράσθης
1057 1237 1175 1298 καί
1212 1256 1314 1297 τοι
1359 1236 1518 1309 θεὸς
1565 1236 1804 1318 ἔμβαλε
1850 1240 2081 1321 θυμῷ,

294 1343 477 1423 σίγα,
524 1341 613 1423 μή
658 1344 758 1416 τίς
803 1336 858 1403 τ’
903 1340 1103 1414 ἄλλος
1149 1336 1249 1403 ἐνὶ
1296 1339 1641 1421 μεγάροισι
1686 1340 1995 1421 πύθηται.

294 1438 421 1509 ὧδε
469 1445 595 1527 γὰρ
645 1443 906 1527 ἐξερέω,
952 1440 1061 1507 καὶ
1107 1444 1239 1526 μὴν
1285 1440 1746 1525 τετελεσμένον
1793 1445 1998 1507 ἔσται·

293 1556 361 1613 εἴ
395 1547 456 1633 χ’
497 1546 607 1614 ὑπ’
656 1549 874 1632 ἔμοιγε
920 1548 1080 1621 θεὸς
1127 1546 1389 1630 δαμάσῃ
1437 1558 1813 1632 μνηστῆρας
1859 1547 2177 1630 ἀγαυούς,

294 1653 453 1721 οὐδὲ
498 1663 752 1740 τροφοῦ
799 1653 1001 1734 οὔσης
1047 1662 1164 1718 σεῦ
1210 1650 1565 1736 ἀφέξομαι,
1612 1650 1839 1718 ὁππότ’
1886 1652 1969 1718 ἂν
2016 1654 2222 1729 ἄλλας

185 1782 264 1820 490
294 1761 518 1849 δμῳὰς
564 1757 636 1823 ἐν
683 1758 1071 1842 μεγάροισιν
1119 1756 1299 1840 ἐμοῖς
1344 1761 1656 1841 κτείνωμι
1703 1759 2080 1841 γυναῖκας.“

379 1869 497 1931 τὸν
543 1862 602 1929 δ’
653 1859 807 1929 αὖτε
852 1861 1199 1949 προσέειπε
1246 1867 1591 1948 περίφρων
1636 1864 2034 1947 Εὐρύκλεια·

381 1969 656 2053 ,,τε’κνον
703 1969 885 2053 ἐμόν,
936 1972 1139 2034 ποῖόν
1188 1985 1259 2033 σε
1308 1971 1465 2044 ἔπος
1508 1971 1721 2054 φύγεν
1768 1969 1956 2054 ἕρκος
2001 1971 2313 2036 ὀδόντων.
2400 2015 2404 2024 ·

293 2071 494 2140 οἶσθα
540 2071 661 2157 μὲν
707 2066 853 2142 οἷον
902 2073 1064 2158 ἐμὸν
1110 2073 1305 2158 μένος
1354 2076 1641 2157 ἔμπεδον
1691 2072 1835 2139 οὐδ’
1882 2075 2236 2163 ἐπιεικτόν,
2264 2060 2572 2194 ὡς

294 2177 415 2255 ἔξω
464 2176 526 2242 δ’
572 2179 660 2254 ὡς
708 2179 813 2243 ὅτε
860 2202 960 2255 τις
1006 2181 1235 2263 στερεὴ
1284 2183 1480 2255 λίθος
1524 2175 1600 2261 ἠὲ
1647 2183 1935 2263 σίδηρος.

187 2303 265 2343 495
295 2284 459 2348 ἄλλο
508 2281 587 2347 δέ
627 2306 728 2347 τοι
775 2281 969 2366 ἐρέω,
1017 2286 1100 2347 σὺ
1149 2280 1212 2346 δ’
1259 2281 1361 2346 ε’νὶ
1407 2281 1603 2367 φρεσὶ
1647 2284 1887 2366 βάλλεο
1935 2293 2155 2368 σῇσιν·

294 2394 362 2451 εἴ
396 2384 454 2472 χ’
500 2386 630 2452 ὑπὸ
680 2385 863 2469 σοίγε
908 2388 1066 2460 θεὸς
1115 2386 1377 2471 δαμάσῃ
1424 2397 1799 2471 μνηστῆρας
1845 2387 2163 2471 ἀγαυούς,

294 2494 377 2574 δὴ
424 2495 570 2556 τότε
617 2514 720 2555 τοι
764 2479 1095 2567 ικαταλέξω
1144 2487 1243 2554 ἐνὶ
1289 2490 1634 2573 μεγάροισι
1679 2503 2023 2575 γυναῖκας,

292 2598 367 2661 αἴ
405 2595 481 2661 τέ
524 2592 584 2660 σ’
631 2595 736 2661 ἀτι
787 2597 1014 2674 άζουσι
1058 2593 1168 2659 καὶ
1217 2598 1290 2659 αἳ
1329 2593 1660 2678 νηλάξτιδές
1706 2597 1895 2661 είσι.“
2012 2581 2374 2696 qm

379 2702 501 2785 τὴν
540 2698 600 2764 δ’
646 2699 736 2764 ἀπ
828 2703 1171 2784 ειβόμενος
1207 2699 1516 2784 προσέφη
1553 2702 1914 2786 πολύμητις
1945 2700 2312 2780 Ὀδυσσεύς·

184 2829 264 2869 500
382 2816 622 2889 ,,μαῖα,
666 2808 736 2869 τί
863 2800 937 2868 δὲ
984 2807 1068 2870 σὺ
1115 2805 1228 2881 τὰς
1272 2807 1638 2889 μυθήσεαι;
1689 2805 1851 2871 οὐδέ
1890 2811 1960 2871 τί
1998 2825 2069 2872 σε
2115 2811 2265 2893 χρή·

291 2907 366 2976 εὖ
411 2935 497 2975 νυ
542 2908 653 2975 καὶ
700 2910 895 2986 αὐτὸς
946 2909 1075 2992 ἐγὼ
1125 2910 1465 2994 φράσομαι
1509 2908 1620 2974 καὶ
1665 2909 1873 2994 εἴσομ’
1921 2910 2217 2996 ἑκάστην.

290 3010 434 3081 ἀλλ’
480 3018 583 3100 ἔχε
632 3023 783 3099 σιγῇ
831 3020 1092 3097 μῦθον,
1140 3014 1493 3100 ἐπίτρεψον
1540 3012 1615 3079 δὲ
1660 3016 1981 3080 θεοῖσιν.“

379 3120 466 3196 ὣς
511 3117 615 3206 ἄρ’
661 3121 823 3203 ἔφη,
871 3117 1081 3202 γρηῢς
1128 3114 1202 3182 δὲ
1248 3117 1341 3182 δι’
1387 3119 1457 3183 ἐκ
1504 3120 1817 3204 μεγάροιο
1861 3123 2126 3205 βεβήκει

292 3224 603 3309 οἰσομένη
648 3224 1096 3308 ποδάνιπτρα·
1143 3224 1222 3288 τὰ
1268 3226 1394 3310 γὰρ
1440 3223 1705 3310 πρότερ’
1747 3227 1976 3310 ἔκχυτο
2022 3226 2251 3292 πάντα.

185 3351 263 3393 505
293 3330 500 3415 αὐτὰρ
550 3328 687 3395 ἐπεὶ
731 3327 928 3408 νίψέν
974 3350 1041 3393 τε
1088 3327 1199 3393 καὶ
1243 3330 1515 3410 ἤλειψεν
1563 3328 1697 3394 λίπ’
1741 3329 1938 3418 ἐλαίῳ
1951 3380 1970 3414 ,

294 3429 478 3510 αὖτις
524 3432 629 3519 ἄρ’
673 3432 1006 3520 ἀσσοτέρω
1052 3435 1263 3519 πυρὸς
1308 3433 1529 3499 ἕλκετο
1577 3436 1821 3521 δι’φρον
1859 3432 2213 3513 Ὀδυσσεὺς

288 3542 727 3625 θερσόμενος,
773 3540 982 3623 οὐλὴν
1029 3536 1103 3604 δὲ
1146 3541 1310 3606 κατὰ
1357 3539 1659 3626 ῥακέεσσι
1705 3541 1969 3620 κάλυψε.

1805 3645 1879 3700 8*
