2650 3909
671 255 704 289 ν
742 236 854 324 (1.3)
886 234 1191 299 Ὀδυσσέως
1229 236 1421 305 ἄφιξις
1459 236 1539 300 εἰς
1571 235 1826 306 Ἰθάκην.
2179 239 2258 299 11

138 415 218 455 305
249 395 521 459 ὤπασαν
569 394 778 459 οἴκαδ’
829 397 998 461 ἰόντι
1044 395 1163 481 ἐμῇ
1210 400 1419 482 βουλῇ
1465 420 1534 462 τε
1580 401 1715 484 νόω
1760 421 1860 480 τε,

248 505 409 564 εἴπω
456 497 528 562 θ’
575 500 741 565 ὅσσά
785 524 886 566 τοι
934 498 1088 566 αἶσα
1135 503 1366 585 δόμοις
1413 504 1514 567 ἔνι
1557 514 1887 586 ποιητοῖσι

246 602 427 686 κήδε’
471 604 904 690 ἀνασχέσθαι·
954 610 1037 671 σὺ
1084 604 1158 673 δὲ
1204 608 1588 691 τετλάμεναι
1632 606 1741 672 καὶ
1787 606 2070 691 ἀνάγκῃ,

248 708 420 792 μηδέ
458 733 549 797 τῳ
597 710 930 794 ἐκφάσθαι
976 710 1123 796 μήτ’
1166 711 1433 797 ἀνδρῶν
1479 714 1638 795 μήτε
1684 723 2051 795 γυναικῶν,

249 815 549 898 πάντων,
595 814 811 881 οὕνεκ’
858 814 963 902 ἀρ’
1009 813 1213 920 ἦλθες
1257 816 1625 900 ἀλώμενος,
1670 816 1836 881 ἀλλα
1882 825 2093 901 σιωπῇ

141 940 220 978 310
248 920 523 1004 πάσχειν
568 922 769 1003 άλγεα
813 923 1058 1005 πολλά,
1103 926 1253 1006 βίας
1297 920 1750 1017 ὑποδέγμενος
1795 922 2078 1007 ἀνδρων
2080 900 2636 1015 ((Μώωιπως

336 1027 457 1107 τὴν
495 1023 553 1089 δ’
598 1025 1122 1111 ἀπαμειβόμενος
1158 1026 1463 1111 προσέφη
1501 1028 1861 1110 πολύμητις
1890 1024 2264 1102 Ὀδυσσεύς·

337 1127 707 1212 ,,ἀργαλέον
753 1148 858 1214 σε,
902 1132 1063 1215 θεά,
1107 1142 1363 1214 γνῶναι
1408 1135 1624 1218 βροτῷ
1674 1130 2054 1197 ἀντιάσαντι

247 1231 355 1298 καὶ
402 1232 551 1317 μάλ’
600 1235 1032 1325 ἐπισταμένω·
1082 1233 1155 1301 σὲ
1201 1237 1329 1321 γὰρ
1380 1237 1586 1320 αὐτὴν
1630 1234 1825 1301 παντὶ
1872 1236 2123 1330 ἐίσκεις.
2128 1245 2368 1312 [vu-ast&
2412 1198 2574 1292 [Νι

247 1349 440 1404 τοῦτο
489 1337 549 1403 δ’
597 1339 768 1422 ἐγὼν
813 1336 890 1404 εὗ
937 1337 1097 1424 οἷδ’,
1146 1342 1246 1405 ὅτι
1292 1366 1406 1426 μοι
1451 1342 1659 1426 πάρος
1704 1343 1863 1425 ἠπίη
1908 1337 2120 1424 ἦσθα,

20 1479 25 1484 -
141 1465 219 1505 815
248 1436 382 1519 εἷος
429 1440 529 1507 ἐνὶ
586 1446 789 1529 Τροίῃ
836 1449 1271 1528 πολεμίζομεν
1316 1438 1457 1521 υἷες
1494 1443 1789 1529 Ἀχαιῶν.

248 1548 455 1631 αὐτὰρ
503 1546 644 1613 ἐπεὶ
689 1548 1026 1633 Πριάμοιο
1073 1552 1270 1614 πόλιν
1318 1548 1750 1634 διεπέρσαμεν
1797 1551 2029 1631 αι’πήν,
2075 1521 2078 1524 ¹

246 1658 456 1736 βῆμεν
503 1653 565 1718 δ’
609 1653 682 1719 ἐν
728 1657 994 1738 νήεσσι,
1039 1657 1199 1731 θεὸς
1243 1652 1303 1718 δ’
1353 1653 1704 1720 ἐκέδασσεν
1743 1653 2071 1739 Ἀχαιούς,

248 1759 328 1823 οὐ
376 1757 511 1842 σέγ’
556 1762 774 1825 ἔπειτα
824 1762 1006 1844 ἴδον,
1051 1761 1261 1846 κούρη
1311 1765 1507 1845 Διός,
1554 1757 1712 1826 οὐδὲ
1755 1763 1966 1844 νόησα

245 1866 404 1946 νηὸς
450 1864 606 1948 ἐμῆς
653 1864 1011 1950 ἐπιβᾶσαν,
1059 1866 1236 1943 ὅπως
1280 1870 1352 1931 τί
1390 1891 1503 1950 μοι
1550 1868 1749 1949 ἄλγος
1795 1864 2116 1942 ἀλάλκοις.

141 1982 219 2021 320
246 1964 366 2020 ἀλλ’
400 1965 513 2021 αἰεὶ
550 1967 749 2037 φρεσὶν
787 1961 935 2038 ᾗσιν,
955 1965 1094 2037 ἔχων
1133 1965 1505 2038 δεδαϊγμένον
1543 1962 1676 2038 ἦτορ

246 2053 496 2123 ἠλώμην,
536 2056 660 2116 εἵως
696 2040 931 2124 fas-5552
970 2055 1277 2125 κακότητος
1315 2054 1541 2110 ἔλυσαν·

246 2142 379 2209 πρίν
417 2136 470 2209 γ’
505 2140 595 2196 ὅτε
637 2141 900 2208 Φαιήκων
938 2143 1163 2213 ἀνδρῶν
1203 2139 1263 2198 ἐν
1301 2146 1458 2198 πίονι
1496 2143 1653 2215 δήμῳ

246 2226 541 2295 θάρσυνάς
576 2225 627 2281 τ’
662 2223 882 2282 ἐπέεσσι
919 2228 1016 2282 καὶ
1054 2225 1110 2292 ἐς
1145 2229 1309 2285 πόλιν
1348 2230 1552 2300 ἤγαγες
1588 2224 1748 2297 αὐτή.
2064 2234 2182 2288 ‘VH
2196 2228 2338 2320 ζο.

248 2328 376 2383 νῦν
424 2317 503 2382 δέ
545 2334 617 2382 σε
663 2320 828 2400 πρὸς
871 2321 1114 2402 πατρὸς
1158 2320 1563 2408 γουνάζομαι
1600 2355 1668 2366 -
1706 2321 1787 2385 οὐ
1833 2322 1958 2405 γὰρ
2007 2322 2124 2386 ὀίω

143 2443 221 2484 325
248 2423 435 2505 ἥκειν
482 2424 575 2497 εἰς
610 2419 882 2504 Ἰθάκην
930 2422 1301 2504 εὐδείελον,
1348 2422 1514 2487 ἀλλά
1559 2421 1683 2487 τιν’
1728 2426 1937 2506 άλλην

248 2538 444 2610 γαῖαν
490 2525 1010 2611 ἀναστρέφομαι·
1059 2524 1131 2592 σὲ
1179 2523 1253 2591 δὲ
1298 2525 1785 2612 κερτομέουσαν
1830 2527 1948 2592 ὀίω

246 2627 427 2696 ταῦτ’
481 2631 984 2718 ἀγορευέμεναι,
1039 2629 1126 2697 ἵν’
1188 2632 1347 2717 ε’μὰς
1391 2631 1638 2718 φρένας
1679 2634 2131 2720 ἠπεροπεύσῃς
2175 2674 2267 2720 -,

246 2736 392 2803 εἰπέ
431 2762 574 2821 μοι,
621 2741 683 2803 εἰ
727 2737 908 2804 ἐτεόν
955 2762 1029 2821 γε
1076 2744 1280 2823 φίλην
1332 2738 1398 2815 ἐς
1440 2736 2015 2821 πατρίδ”ίκάνω.“

335 2844 451 2906 τὸν
500 2841 560 2906 δ’
602 2840 887 2928 ἠμείβετ’
935 2847 1156 2908 ἔπειτα
1201 2846 1329 2909 θεά
1376 2850 1756 2927 γλαυκῶπις
1792 2843 2069 2929 Ἀθήνη·

143 2970 224 3009 380
345 2949 522 3029 ,,αιέί
560 2971 663 3014 τοι
708 2959 1012 3014 τοιοῦτον
1060 2948 1161 3014 ἐνὶ
1209 2950 1527 3031 στήθεσσι
1573 2953 1813 3032 νόημα·

247 3053 335 3117 τώ
386 3069 457 3116 σε
503 3050 614 3117 καὶ
660 3053 740 3118 οὐ
790 3054 1077 3136 δύναμαι
1124 3059 1475 3136 προλιπεῖν
1523 3055 1857 3137 δύστηνον
1905 3053 2125 3136 ἐόντα,

248 3153 462 3222 οὕνεκ’
514 3156 751 3248 ἐπητής
799 3157 939 3222 ἐσσι
986 3156 1096 3222 καὶ
1146 3158 1456 3243 ἀγχίνοος
1502 3156 1612 3222 καὶ
1660 3157 1976 3242 ἐχέφρων.
2112 3133 2512 3212 Μ”“

248 3261 581 3338 ἀσπασίως
625 3263 749 3346 γάρ
796 3260 858 3326 κ’
903 3263 1102 3337 ἄλλος
1148 3261 1315 3346 ἀνὴρ
1367 3262 1774 3345 ἀλαλήμενος
1821 3260 2039 3326 ἐλθὼν

247 3365 362 3430 ἵετ’
410 3366 509 3432 ἐνὶ
557 3368 868 3452 μεγάροις
917 3365 1120 3432 ἰδέειν
1165 3367 1406 3443 παῖδάς
1450 3364 1507 3430 τ’
1550 3368 1794 3452 ἄλοχόν
1838 3386 1934 3431 τε·

141 3493 220 3533 335
250 3470 356 3535 σοὶ
403 3469 463 3535 δ’
511 3474 592 3538 οὔ
638 3494 740 3537 πω
787 3476 989 3557 φίλον
1036 3470 1173 3537 ἐστὶ
1222 3474 1541 3555 δαήμεναι
1588 3468 1747 3536 οὐδὲ
1791 3471 2161 3555 πυθέσθαι,

248 3580 408 3663 πρίν
455 3574 517 3659 γ’
563 3580 657 3640 ἔτι
705 3586 821 3660 σῆς
868 3577 1114 3663 ἀλόχου
1160 3579 1531 3662 πειρήσεαι,
1575 3577 1616 3661 ἥ
1663 3575 1738 3642 τέ
1777 3601 1878 3642 τοι
1925 3578 2137 3672 αὲἱῳς
2179 3599 2250 3648 24
2307 3603 2474 3646 :nu-.-
