2650 3909
599 248 646 305 ψ
685 239 797 307 (23)
829 235 1133 299 Ὀδυσσέως
1168 236 1279 290 ὑπὸ
1316 234 1650 305 Πηνελόπης
1684 233 2121 306 ἀναγνωρισμός.
2237 233 2366 298 163

350 400 411 462 εἰ
455 398 581 482 γάρ
626 400 726 473 τίς
769 394 832 481 μ’
880 398 1044 478 άλλη
1092 419 1165 478 γε
1212 406 1580 479 γυναικῶν,
1625 397 1700 461 αἵ
1741 390 1853 478 μοι
1898 398 2075 479 ἔασι,

346 500 527 568 ταῦτ’
573 499 841 567 έλθοῦσ’
885 503 1145 584 ἤγγειλε
1191 499 1301 566 καὶ
1349 500 1415 579 ἐξ
1460 502 1679 566 ὕπνου
1724 495 1792 585 μ’
1836 499 2164 585 ἀνέγειρε,

346 619 438 672 τῶ
485 630 556 672 κε
603 608 765 691 τάχα
812 618 1141 690 στυγερῶς
1186 630 1302 691 μιν
1349 605 1522 689 ἐγὼν
1568 603 1916 690 ἀπέπεμψα
1959 604 2235 671 νέεσθαι

345 708 534 788 αὖτις
579 714 707 776 ἔσω
754 710 1070 795 μέγαρον·
1119 708 1193 776 σὲ
1240 708 1314 776 δὲ
1360 715 1558 777 τοῦτό
1603 735 1676 795 γε
1721 721 1928 795 γῆρας
1973 710 2259 794 ὀνήσει.“

271 839 322 878 25
437 819 561 903 τὴν
607 812 669 882 δ’
713 812 869 882 αὖτε
914 816 1261 902 προσέειπε
1307 821 1468 901 φίλη
1515 819 1760 903 τροφὸς
1805 816 2202 902 Εὐρύκλεια·

440 924 566 1007 »οὔ
612 926 682 987 τί
721 937 793 986 σε
841 923 1146 1007 λωβεύω,
1190 920 1426 986 τέκνον
1470 926 1703 1006 φίλον,
1749 919 1889 985 ἀλλ’
1934 923 2176 1004 ἔτυμόν
2220 942 2322 983 τοι

350 1025 506 1112 ἦλθ’
550 1026 864 1104 Ὀδυσεὺς
908 1025 1018 1092 καὶ
1064 1023 1251 1093 οἷκον
1298 1027 1618 1111 ἱκάνεται,
1662 1028 1750 1104 ὡς
1795 1026 2128 1112 ἀγορεύω,

350 1136 387 1201 ὁ
436 1134 672 1217 ξεῖνος,
717 1135 835 1198 τὸν
878 1133 1117 1208 πάντες
1162 1132 1414 1216 ἀτίμων
1461 1131 1534 1197 ἐν
1580 1132 1944 1217 μεγάροισι.

360 1238 735 1323 Τηλέμαχος
779 1234 841 1301 δ’
887 1239 1015 1321 ἄρα
1060 1262 1176 1321 μιν
1219 1237 1423 1301 πάλαι
1467 1234 1663 1321 ᾔδεεν
1709 1239 1909 1302 ἔνδον
1955 1237 2178 1317 ἐόντα,

272 1363 325 1402 ao
350 1344 518 1408 ἀλλὰ
564 1343 1063 1427 σαοφροσύνῃσι
1107 1344 1403 1425 νοήματα
1447 1344 1691 1425 πατρὸς
1741 1343 2047 1424 ἔκευθεν,

354 1445 505 1534 ὄφρ’
552 1447 821 1531 ἀνδρῶν
865 1451 1118 1511 τίσαιτο
1163 1450 1319 1530 βίην
1366 1445 2013 1532 ὑπερηνορεόντων.“

442 1553 529 1629 ὣς
575 1549 802 1638 ἔφαθ’,
848 1552 890 1635 ἡ
938 1548 999 1615 δ’
1046 1549 1242 1636 ἐχάρη
1288 1548 1400 1615 καὶ
1445 1549 1572 1616 ἀπὸ
1620 1548 1916 1635 λέκτροιο
1961 1556 2263 1633 θοροῦσα

351 1656 507 1745 γρηὶ
550 1653 990 1742 περιπλέχθη,
1035 1656 1388 1741 βλεφάρων
1435 1653 1496 1720 δ’
1539 1653 1667 1720 ἀπὸ
1714 1655 2007 1741 δάκρυον
2052 1649 2193 1737 ἧκε·

352 1768 470 1828 καί
506 1787 622 1848 μιν
667 1759 1010 1846 φωνήσασ’
1054 1764 1210 1827 ἔπεα
1252 1764 1612 1847 πτερόεντα
1655 1761 2027 1846 προσηύδα·

271 1888 324 1929 85
443 1870 549 1953 ,,ει’
593 1865 653 1932 δ’
704 1868 822 1949 ἄγε
869 1869 951 1949 δή
999 1890 1142 1950 μοι,
1187 1877 1348 1950 μαῖα
1392 1870 1587 1959 φίλη,
1630 1863 1945 1950 νημερτὲς
1992 1864 2281 1947 ἐνίσπες,

352 1976 414 2038 εί
457 1971 639 2038 ἐτεὸν
686 1973 769 2055 δὴ
817 1967 1003 2037 οἷκον
1050 1971 1373 2055 ἱκάνεται,
1419 1972 1507 2049 ὡς
1551 1970 1919 2056 ἀγορεύεις,

352 2079 578 2154 ὅππως
624 2076 736 2160 δὴτ
752 2085 1160 2163 μνηστῆρσιν
1206 2074 1507 2142 ἀναιδέσι
1551 2087 1771 2161 χεῖρας
1818 2077 2014 2162 ἐφῆκε

353 2192 600 2269 μοῦνος
644 2179 805 2264 ἐών,
852 2182 923 2245 οἱ
964 2178 1025 2245 δ’
1071 2177 1215 2245 αἰὲν
1261 2180 1526 2257 ἀολλέες
1572 2183 1771 2246 ἔνδον
1818 2181 2156 2265 ἔμιμνον.“

440 2288 563 2369 τὴν
610 2279 670 2351 δ’
714 2280 870 2350 αὖτε
914 2284 1263 2369 προσέειπε
1308 2289 1469 2370 φίλη
1518 2287 1761 2369 τροφὸς
1805 2285 2200 2369 Εὐρύκλεια·

273 2413 329 2452 ιο
446 2390 611 2474 ,,οὐκ
659 2391 840 2474 ἴδον,
895 2390 978 2455 οὐ
1021 2392 1373 2474 πυθόμην,
1430 2388 1596 2454 ἀλλά
1643 2392 1881 2454 στόνον
1929 2385 2075 2454 οἷον
2119 2391 2372 2454 ἄκουσα

354 2492 819 2579 κτεινομένων·
865 2494 1052 2577 ἡμεῖς
1097 2490 1171 2559 δὲ
1218 2503 1405 2581 μυχῷ
1453 2494 1778 2578 θαλάμων
1824 2494 2164 2577 εὐπήκτων

352 2596 549 2686 ἥμεθ’
594 2599 1014 2697 ἀτυζόμεναι,
1060 2600 1325 2675 σανίδες
1371 2596 1433 2662 δ’
1476 2601 1630 2683 ἔχον
1674 2593 1751 2662 εὖ
1796 2597 2138 2683 ἀραρυῖαι,
2175 2600 2484 2729 ww)

354 2709 512 2791 πρίν
556 2702 620 2788 γ’
665 2705 770 2769 ὅτε
818 2705 902 2788 δή
947 2729 1029 2789 με
1075 2706 1189 2781 σὸς
1233 2705 1380 2780 υίὸς
1426 2702 1553 2769 ἀπὸ
1599 2704 1913 2789 μεγάροιο
1957 2704 2231 2768 κάλεσσε

364 2808 762 2895 Τηλέμαχος·
815 2812 935 2875 τὸν
979 2810 1106 2895 γάρ
1154 2810 1238 2892 ῥα
1283 2809 1496 2893 πατὴρ
1541 2807 1819 2894 προέηκε
1865 2792 2196 2873 καλέσσαι.

275 2935 328 2975 45
358 2912 559 3000 εὗρον
606 2912 803 2978 ἔπειτ’
851 2911 1136 2998 Ὀδυσῆα
1182 2915 1343 2998 μετὰ
1388 2912 1769 2997 κταμένοισι
1814 2911 2126 2978 νέκυσσιν

358 3015 660 3086 ἕστεῶθ’·
714 3019 785 3083 οἱ
826 3016 906 3083 δέ
944 3042 1060 3101 μιν
1105 3017 1307 3102 ἀμφί,
1352 3018 1791 3102 κραταίπεδον
1839 3012 2041 3094 οὖδας
2085 2953 2579 3103 ἔχοντεςῗέωζ

275 3147 326 3185 47
355 3121 554 3191 κείατ’
601 3120 698 3190 ἐπ’
746 3121 1156 3207 ἀλλήλοισιν·
1206 3123 1443 3189 ἰδοῦσά
1487 3145 1560 3187 κε
1603 3124 1829 3206 θυμὸν
1877 3124 2131 3206 ἰάνθης.
2496 3074 2510 3153 ι

276 3251 328 3290 49
355 3242 483 3296 νῦν
529 3226 590 3294 δ’
637 3230 707 3294 οἰ
746 3223 867 3312 μὲν
914 3228 998 3310 δὴ
1044 3227 1281 3304 πάντες
1326 3225 1424 3291 ἐπ’
1470 3227 1766 3313 αὐλείῃσι
1809 3227 2102 3311 θύρῃσιν

275 3355 329 3396 50
357 3334 629 3419 ἀθρόοι,
675 3333 882 3413 αὐτὰρ
928 3333 965 3398 ὁ
1013 3334 1200 3415 δῶμα
1243 3339 1581 3397 θεειοῦται
1623 3329 2007 3414 περικαλλὲς

354 3448 485 3522 πῦρ
532 3436 698 3523 μέγα
739 3437 1086 3521 κηάμενος·
1137 3433 1210 3500 σὲ
1258 3434 1339 3500 δέ
1378 3459 1456 3518 με
1502 3434 1782 3519 προέηκε
1827 3431 2138 3499 καλέσσαι

355 3538 498 3608 ἀλλ’
542 3542 731 3625 ἕπευ,
777 3519 951 3626 ὄφρα
997 3551 1220 3626 σφῶ-ιν,
1261 3540 1677 3626 ἐυφροσύνης
1723 3539 2034 3623 ἐπιβῆτον
2210 3528 2436 3612 {¹22sz

1837 3642 1947 3695 11*
