2650 3909
718 248 754 281 υ
793 233 905 299 (20)
940 226 1013 282 τὰ
1047 227 1158 297 πρὸ
1194 234 1292 295 τῆς
1328 233 1833 298 μνηστηροφονίας.
2157 230 2283 294 127

264 393 540 475 ἤρτυον·
589 388 794 474 αὐτὰρ
841 389 878 454 ὁ
924 399 1140 453 τοῖσιν
1185 386 1529 473 ἀριστερὸς
1572 391 1827 472 ἤλυθεν
1874 392 2088 475 ὄρνις,

264 497 479 587 αἰετὸς
519 491 871 578 ὑψιπέτης,
918 495 1022 578 ἔχε
1072 490 1145 557 δὲ
1191 495 1496 577 τρήρωνα
1542 492 1827 559 πέλειαν.

264 611 481 665 τοῖσιν
527 596 589 664 δ’
636 597 1037 683 Ἀμφίνομος
1082 597 1456 681 ἀγορήσατο
1502 597 1612 663 καὶ
1662 596 2019 682 μετέειπεν·

157 727 237 768 24⁶
355 699 450 789 „52
497 708 714 788 φίλοι,
760 704 881 789 οὐχ
924 704 1088 787 ἥμιν
1132 704 1575 795 συνθὲἱσεται
1620 698 1746 787 ἥδέ
1786 728 1860 788 γε
1905 708 2147 789 βουλή,
2199 710 2420 778 mua.)

273 810 677 895 Τηλεμάχοιο
724 813 958 895 φόνος·
1005 808 1172 874 ἀλλὰ
1219 810 1628 893 μνησώμεθα
1676 809 1958 887 δαιτός.“

352 916 440 992 ὣς
485 912 668 1000 ἔφατ’
715 914 1153 1000 Ἀμφίνομος,
1195 927 1412 981 τοῖσιν
1459 912 1520 980 δ’
1567 914 1921 1000 ἐπιήνδανε
1967 922 2200 1000 μῦθος.

264 1021 574 1098 ἐλθόντες
618 1016 679 1086 δ’
725 1020 791 1098 ἐς
836 1018 1081 1105 δώματ’
1126 1018 1492 1105 Ὀδυσσῆος
1535 1024 1753 1087 θείοιο

262 1132 534 1212 χλαίνας
579 1123 701 1211 μὲν
747 1124 1104 1192 κατέθεντο
1151 1128 1314 1191 κατὰ
1371 1128 1690 1211 κλισμούς
1734 1149 1802 1192 τε
1847 1129 2143 1212 θρόνους
2187 1149 2287 1208 τε,

158 1253 238 1295 260
264 1232 336 1296 οἱ
375 1230 434 1296 δ’
485 1230 745 1315 ἱέρευον
792 1234 893 1307 ὄις
937 1232 1266 1315 μεγάλους
1308 1230 1422 1296 καὶ
1466 1236 1703 1308 πίονας
1748 1227 1969 1315 αἶγας,

263 1338 492 1421 ἵρευον
540 1333 614 1401 δὲ
660 1336 823 1412 σύας
868 1336 1138 1412 σιάλους
1183 1334 1294 1401 καὶ
1341 1340 1512 1420 βοῦν
1557 1336 1897 1419 ἀγελαίην·

266 1441 607 1527 σπλάγχνα
653 1439 712 1505 δ’
770 1438 874 1527 ἄρ’
929 1440 1329 1524 ὀπτήσαντες
1375 1439 1683 1525 ἐνώμων,
1739 1441 1812 1506 ἐν
1859 1439 1939 1506 δέ
1978 1465 2045 1506 τε
2098 1437 2287 1507 οἶνον
2339 1454 2525 1511 »ὼν-κ.)

265 1556 624 1632 κρητῆρσιν
668 1550 1025 1632 κερόωντο·
1071 1547 1363 1611 κύπελλα
1410 1544 1486 1612 δὲ
1530 1543 1713 1631 νεῖμε
1760 1549 2074 1631 συβώτης.

267 1664 451 1719 σῖτον
499 1651 579 1717 δέ
619 1648 733 1736 σφ’
780 1651 1076 1736 ἐπένειμε
1126 1655 1499 1735 Φιλοίτιος,
1546 1654 1834 1738 ὄρχαμος
1878 1652 2178 1737 ἀνδρῶν,

159 1777 239 1821 255
264 1761 489 1834 καλοῖς
534 1756 608 1822 ἐν
653 1755 1023 1841 κανέοισιν,
1071 1756 1382 1846 ἐῳνοχόει
1429 1754 1505 1822 δὲ
1550 1758 1968 1834 Μελανθεύς.

266 1864 336 1928 οἱ
378 1859 437 1927 δ’
484 1860 583 1928 ἐπ’
625 1862 880 1928 ὀνείαθ’
928 1860 1154 1947 ἑτοῖμα
1200 1867 1601 1948 προκείμενα
1647 1875 1867 1949 χεῖρας
1913 1868 2160 1928 ἴαλλον.

361 1967 734 2055 Τηλέμαχος
780 1966 840 2033 δ’
880 1966 1166 2053 Ὀδυσῆα
1211 1970 1571 2055 καθίδρυε,
1616 1967 1854 2054 κέρδεα
1899 1980 2173 2052 νωμῶν,

266 2072 451 2150 ἐντὸς
496 2072 854 2151 ἐυσταθέος
898 2075 1193 2160 μεγάρου
1239 2075 1417 2157 παρὰ
1463 2075 1696 2140 λάινον
1742 2074 1982 2158 οὐδόν,

267 2180 515 2263 δίφρον
559 2176 885 2244 ἀεικέλιον
930 2178 1243 2255 καταθεὶς
1288 2180 1522 2264 ὀλίγην
1565 2203 1636 2245 τε
1683 2179 2030 2265 τράπεζαν·

159 2305 241 2346 260
266 2284 398 2368 πὰρ
446 2281 505 2347 δ’
554 2282 762 2348 ἐτίθει
808 2284 1203 2369 σπλάγχνων
1248 2288 1517 2368 μοίρας,
1563 2283 1637 2348 ἐν
1683 2281 1744 2348 δ’
1791 2280 1980 2349 οἶνον
2028 2286 2252 2367 ἔχευεν

268 2387 341 2453 ἐν
386 2385 584 2451 δέπαι·
623 2384 913 2475 χρυσέῳ,
959 2391 1076 2452 καί
1114 2411 1231 2471 μιν
1276 2390 1441 2472 πρὸς
1485 2393 1710 2471 μῦθον
1758 2389 1995 2453 ἔειπεν·

357 2492 725 2576 »ἐνταυθοῖ
763 2501 893 2558 νῦν
936 2487 1061 2577 ἧσο
1106 2490 1241 2577 μετ’
1289 2492 1616 2578 ἀνδράσιν
1663 2492 2131 2570 οἰνοποτάζων·

267 2599 610 2682 κερτομίας
656 2594 737 2662 δέ
774 2621 878 2663 τοι
924 2597 1121 2673 αὐτὸς
1166 2596 1295 2681 ἐγὼ
1340 2594 1452 2662 καὶ
1497 2608 1719 2683 χεῖρας
1765 2595 1982 2681 ἀφέξω

266 2703 533 2767 πάντων
578 2705 1005 2788 μνηστήρων,
1052 2699 1192 2768 ἐπεὶ
1239 2703 1320 2768 οὔ
1368 2725 1472 2768 τοι
1519 2704 1753 2787 δήμιός
1798 2701 1978 2768 ἐστιν

157 2829 239 2871 286
267 2803 447 2885 οἶκος
492 2806 623 2891 ὅδ’,
668 2806 813 2874 ἀλλ’
858 2807 1203 2893 Ὀδυσῆος,
1249 2805 1397 2893 ἐμοὶ
1445 2804 1520 2874 δὲ
1565 2811 1846 2892 κτήσατο
1893 2819 2125 2886 κεῖνος.

266 2913 454 2997 ὑμεῖς
498 2912 605 2997 δέ,
650 2923 1047 2999 μνηστῆρες,
1093 2913 1385 2998 ἐπίσχετε
1429 2915 1655 2997 θυμὸν
1702 2912 1929 2998 ἐνιπῆς

264 3017 376 3083 καὶ
421 3028 692 3104 χειρῶν,
736 3019 849 3083 ἵνα
893 3021 981 3103 μή
1029 3041 1127 3095 τις
1172 3021 1308 3104 ἔρις
1353 3016 1465 3083 καὶ
1509 3030 1728 3094 νεῖκος
1773 3018 2066 3103 ὄρηται.“

356 3122 446 3201 ὣς
491 3118 720 3208 ἔφαθ’,
765 3123 836 3188 οἰ
876 3121 938 3187 δ’
981 3124 1109 3207 ἄρα
1153 3123 1394 3199 πάντες
1441 3121 1599 3201 ὀδὰξ
1648 3120 1723 3188 ἐν
1768 3127 2011 3207 χείλεσι
2048 3124 2291 3206 φύντες

277 3226 657 3314 Τηλέμαχον
702 3229 1080 3312 θαύμαζον,
1128 3227 1164 3293 ὃ
1208 3226 1598 3313 θαρσαλέως
1642 3228 1937 3312 ἀγόρευε.

156 3356 241 3398 270
267 3345 483 3399 τοῖσιν
531 3331 590 3397 δ’
638 3329 976 3409 Ἀντίνοος
1019 3330 1291 3417 μετέφη,
1338 3333 1711 3409 Εὐπείθεος
1754 3334 1926 3409 υίός·
2356 3402 2361 3405 ,

359 3436 512 3523 ,,καὶ
556 3441 843 3521 χαλεπόν
886 3459 1009 3524 περ
1059 3437 1250 3504 ἐόντα
1307 3440 1657 3524 δεχώμεθα
1708 3443 1964 3523 μῦθον,
2013 3436 2293 3524 Ἀχαιοί,

278 3544 692 3629 Τηλεμάχου·
737 3543 910 3627 μάλα
958 3542 1018 3609 δ’
1065 3538 1227 3628 ἧμιν
1273 3542 1632 3628 ἀπειλήσας
1675 3542 1998 3631 ἀγορεύει.
