2650 3909
337 237 466 301 140
1033 257 1077 307 φ
1117 239 1231 308 (21)
1264 236 1430 304 τόξου
1465 236 1641 301 θέσις.

330 396 687 463 ἐντανύσαι
733 398 1014 482 δύνατο,
1059 395 1225 482 μέγα
1271 394 1347 464 δὲ
1393 396 1579 465 στένε
1622 398 1995 482 κυδάλιμον
2037 406 2178 484 κῆρ.

331 503 622 587 ὀχθήσας
666 499 725 567 δ’
773 504 926 588 ἄρα,
945 498 1129 568 εἶπεν
1175 505 1329 581 ἔπος
1372 497 1430 569 τ’
1474 501 1658 589 ἔφατ’
1707 506 1779 568 ἔκ
1823 502 1878 568 τ’
1925 504 2270 587 ὀνόμαζεν·

422 607 518 692 ,,ὢ
553 610 778 692 πόποι,
812 603 854 690 ἦ
892 631 1006 691 μοι
1041 609 1199 694 ἄχος
1233 612 1392 693 περί
1418 606 1475 674 τ’
1513 609 1722 675 αὐτοῦ
1747 607 1857 673 καὶ
1883 606 2035 693 περὶ
2063 608 2349 673 πάντων.

226 732 305 771 250
333 713 416 777 οὔ
461 736 524 777 τι
570 714 786 798 γάμου
831 724 1192 780 τοσσοῦτον
1240 714 1568 799 ὀδύρομαι
1612 714 1980 799 ἀχνύμενός
2021 734 2169 800 περ·

331 817 460 884 εἰσὶ
505 817 616 884 καὶ
662 821 856 884 ἄλλαι
901 818 1139 885 πολλαὶ
1177 816 1532 905 Ἀχαιίδες,
1577 819 1653 885 αἰ
1691 816 1813 903 μὲν
1861 819 1934 884 ἐν
1980 817 2145 902 αὐτῇ

331 922 638 1012 ἀμφιάλῳ
676 920 937 1010 Ἰθάκῃ,
982 924 1058 988 αἰ
1098 918 1159 989 δ’
1203 926 1483 1011 ἄλλῃσιν
1527 929 1895 990 πολίεσσιν·

329 1025 475 1093 ἀλλ’
519 1031 581 1093 εἰ
625 1029 708 1112 δὴ
745 1030 1064 1094 τοσσόνδε
1109 1031 1258 1113 βίης
1303 1026 1633 1106 ἐπιδευέες
1677 1026 1859 1113 εἰμὲν

331 1131 648 1198 ἀντιθέου
689 1129 1038 1218 Ὀδυσῆος,
1083 1134 1120 1198 ὅ
1166 1132 1221 1198 τ’
1270 1134 1352 1199 οὐ
1398 1134 1791 1219 δυνάμεσθα
1835 1136 2154 1200 τανύσσαι

228 1262 304 1302 255
332 1235 556 1315 τόξον·
604 1238 895 1324 ἐλεγχείη
943 1236 1019 1305 δὲ
1063 1238 1173 1305 καὶ
1220 1239 1637 1324 ἐσσομένοισι
1682 1238 2082 1305 πυθέσθαι.“

419 1345 539 1409 τὸν
586 1341 646 1409 δ’
693 1340 836 1410 αὖτ’
881 1341 1215 1422 Ἀντίνοος
1257 1343 1589 1432 προσέφη,
1634 1345 2006 1421 Εὐπείθεος
2048 1345 2215 1421 υἱός·

425 1448 838 1535 ,βύρύμαχζ
885 1451 1007 1581 οὐχ
1054 1451 1264 1527 οὕτως
1309 1453 1516 1516 ἔσται·
1562 1449 1773 1527 νοέεις
1818 1446 1894 1515 δὲ
1937 1448 2048 1515 καὶ
2094 1448 2305 1525 αὐτός.

331 1562 460 1618 νῦν
506 1551 629 1638 μὲν
673 1556 799 1642 γὰρ
845 1556 1008 1620 κατα
1053 1557 1267 1640 δῆμον
1316 1554 1507 1640 ἑορτὴ
1553 1566 1694 1636 τᾳζο
1738 1561 1927 1620 θεοῖο
1975 1534 2220 1642 ἢναζιά
2235 1539 2354 1627 M
2359 1559 2462 1608 “³
2506 1529 2602 1624 ΑΨ

334 1657 530 1742 αγνή·
575 1664 675 1737 τίς
721 1660 802 1725 δέ
839 1684 911 1727 κε
957 1659 1113 1739 τόξα
1157 1657 1532 1737 τιταίνοιτ’;
1579 1659 1747 1726 ἀλλὰ
1792 1658 2014 1743 ἕκηλοι

227 1791 307 1830 260
332 1762 621 1830 κάτθετ’.
712 1765 876 1851 ἀτὰρ
920 1765 1229 1842 πελέκεάς
1273 1788 1348 1848 γε
1397 1764 1506 1830 καὶ
1551 1771 1621 1830 εἰ
1656 1761 1715 1831 κ’
1770 1767 2009 1848 εἰῶμεν
2062 1765 2351 1842 ἅπαντας

27 1845 121 1962 sp(
148 1890 265 1981 ω).
267 1847 652 2040 92⁹3?st
608 1870 837 2039 Λέού
812 1867 935 1970 μὲν
980 1868 1278 2039 γάρΛτιν’
1321 1870 1803 2060 ἀνδαιρήῧὲσθιέι
1850 1871 1969 1936 ὀίω

497 1998 575 2040 ντ
675 1999 708 2051 ς
752 1973 1042 2061 μέγαρον
1153 1976 1378 2060 αερτιά
1422 1999 1508 2041 εω
1658 1993 1746 2042 υσ
1790 2001 1879 2052 ος.

332 2074 477 2146 ἀλλ’
520 2077 726 2163 ἄγετ’,
772 2082 1073 2164 οἰνοχόος
1117 2076 1240 2165 μὲν
1287 2079 1680 2167 ἐπαρξάσθω
1728 2081 2111 2164 δεπάεσσιν,

334 2187 509 2271 όφρα
556 2188 939 2262 σπείσαντες
982 2190 1421 2271 καταθείομεν
1466 2184 1719 2270 ἀγκύλα
1763 2184 1943 2264 τόξα·

228 2315 305 2354 265
332 2292 557 2375 ἠῶθεν
605 2287 679 2355 δὲ
723 2288 996 2356 κέλεσθε
1044 2292 1478 2376 Μελάνθιον,
1524 2294 1804 2357 αἰπόλον
1848 2294 2086 2374 αἰγῶν,

216 2478 221 2482 .
333 2392 522 2479 αἶγας
567 2397 754 2479 ἄγειν
765 2445 785 2480 ,
832 2400 905 2461 αἳ
945 2405 1105 2463 πᾶσι
1151 2394 1293 2481 μέγ’
1338 2396 1552 2483 ἔξοχοι
1598 2399 2030 2480 αἰπολίοισιν,

334 2498 484 2587 ὄφρ’
532 2500 636 2566 ἐπὶ
682 2505 884 2586 μηρία
927 2502 1160 2579 θέντες
1198 2498 1563 2568 Ἀπόλλωνι
1607 2500 1975 2587 κλυτοτόξῳ

332 2605 527 2684 τόξου
571 2609 995 2691 πειρώμεσθα
1038 2605 1149 2671 καὶ
1194 2605 1593 2689 ἐκτελέωμεν
1636 2605 1943 2671 ἄεθλον.“

422 2711 511 2787 ὣς
555 2708 739 2795 ἔφατ’
784 2709 1148 2792 Ἀντίνοος,
1191 2720 1409 2775 τοῖσιν
1454 2708 1516 2775 δ’
1558 2708 1911 2792 ἐπιήνδανε
1956 2715 2188 2791 μῦθος.

226 2840 307 2879 270
331 2825 504 2880 τοῖσι
549 2810 625 2879 δὲ
669 2816 946 2898 κήρυκες
990 2810 1113 2897 μὲν
1156 2814 1342 2899 ὕδωρ
1389 2812 1493 2878 ἐπὶ
1539 2823 1758 2899 χεῖρας
1801 2815 2067 2898 ἔχευαν,

331 2928 563 3006 κοῦροι
611 2914 687 2984 δὲ
729 2927 1054 3005 κρητῆρας
1101 2918 1537 2997 ἐπεστέψαντο
1581 2930 1811 2984 ποτοῖο
1827 2968 1845 3003 ,

331 3027 648 3110 νώμησαν
696 3022 758 3091 δ’
801 3026 928 3108 ἄρα
972 3033 1175 3090 πᾶσιν
1221 3023 1655 3110 ἐπαρξάμενοι
1701 3025 2071 3091 δεπάεσσιν.

331 3133 405 3197 οἰ
443 3130 505 3197 δ’
549 3130 701 3208 ἐπεὶ,
734 3126 860 3197 οὗν
906 3132 1181 3197 σπεῖσάν
1226 3153 1295 3195 τε
1340 3134 1498 3196 πίον
1541 3128 1617 3196 θ’
1660 3131 1822 3198 ὅσον
1866 3133 2067 3215 ἤθελε
2103 3132 2345 3214 θυμός,

329 3247 469 3314 τοῖς
514 3234 589 3303 δὲ
635 3234 1103 3322 δολοφρονέων
1148 3234 1391 3321 μετέφη
1435 3238 1797 3320 πολύμητις
1831 3234 2210 3312 Ὀδυσσεύς·

224 3363 305 3404 275
422 3340 734 3424 ,,κέκλυτέ
775 3365 930 3426 μευ,
975 3350 1341 3427 μνηστῆρες
1386 3342 1764 3425 ἀγακλειτῆς
1810 3343 2170 3425 βασιλείης·

224 3472 304 3512 277
337 3446 733 3531 Εὐρύμαχον
778 3444 852 3512 δὲ
898 3447 1178 3532 μάλιστα
1224 3445 1337 3512 καὶ
1372 3445 1714 3513 Ἀντίνοον
1759 3445 2063 3511 θεοειδέα

333 3547 619 3633 λίσσομ’,
665 3549 804 3617 ἐπεὶ
847 3550 958 3617 καὶ
1002 3562 1196 3619 τοῦτο
1245 3555 1400 3629 ἔπος
1444 3552 1606 3617 κατὰ
1651 3563 1891 3637 μοῖραν
1938 3555 2142 3638 ἔειπε,
