2650 3909
343 267 445 321 XII
908 266 967 319 F.
1005 264 1070 320 A.
1110 264 1376 320 WOLFH
1416 264 1819 323 SUMMARIA.

1232 493 1280 531 ω
1317 463 1483 552 (24).

523 588 823 642 Procorum
879 588 1199 657 animabus,
1268 604 1303 642 a
1355 588 1632 644 Mercurio
1688 588 1762 642 ad
1815 588 1998 642 infera
2053 587 2371 659 compulsis,

344 660 543 715 heroes
583 661 896 726 occurrunt,
931 662 1054 714 tum
1084 659 1202 728 alii,
1237 662 1363 714 turn
1388 658 1639 714 Achilles
1669 661 1728 713 et
1752 658 2102 729 Agamemno
2130 661 2370 730 (1—22).

345 730 434 786 Ibi
468 731 816 802 Agamemno
851 729 1063 786 Achilli
1098 730 1253 784 iusta
1287 729 1550 787 funebria
1587 729 1845 800 exponit,
1891 730 1966 784 ad
2001 730 2226 785 Troiam
2261 730 2373 801 ipsi

344 805 593 872 peracta,
631 804 691 857 et
723 801 1010 872 propriam
1045 817 1241 855 necem
1268 801 1426 856 dolet
1454 805 1733 871 (23-97);
1769 801 2120 869 miratusque
2147 801 2372 856 turbam

343 875 636 943 iuvenum,
682 871 1017 927 catervatim
1063 872 1553 940 descendentium,
1601 888 1668 927 ex
1704 889 1816 927 uno
1854 888 2046 926 eorum
2090 871 2372 942 insignem

344 945 657 1015 Penelopes
675 942 1032 1014 pudicitiam,
1059 960 1357 1013 procorum
1385 943 1783 999 assiduitatem
1802 946 1861 998 et
1879 960 2140 997 occasum
2166 959 2371 1013 cogno·

345 1018 477 1084 scit,
517 1017 688 1084 atque
726 1014 944 1084 Ulyssis
980 1015 1264 1069 fortunam
1303 1018 1364 1070 et
1397 1016 1628 1087 reginae
1664 1015 1832 1071 fidem
1877 1014 2175 1084 praedicat
2210 1017 2371 1084 (98—

345 1090 487 1158 204).
560 1086 782 1141 Interea
826 1086 993 1141 heros
1039 1103 1167 1141 cum
1204 1086 1319 1140 suis
1360 1087 1432 1142 ad
1468 1087 1709 1142 Laerten
1753 1087 2065 1157 profectae,
2112 1086 2373 1156 primum,

343 1159 503 1214 velut
538 1157 796 1227 ignotus,
845 1156 904 1212 in
940 1157 1121 1213 hortis
1170 1175 1297 1213 cum
1343 1158 1445 1214 illo
1500 1175 1814 1213 sermonem
1860 1156 2085 1227 quaerit
2129 1157 2200 1211 de
2236 1155 2373 1226 filio,

348 1230 695 1312 affectusque
732 1228 1004 1299 cognitis»,
1042 1245 1181 1300 quas
1220 1246 1390 1285 senex
1426 1230 1678 1299 tulisset,
1718 1228 2025 1298 aerumniS,
2072 1229 2208 1283 dum
2246 1244 2374 1283 eum

347 1300 704 1371 aegritudine
751 1317 1080 1372 oppressum
1124 1301 1307 1373 videt,
1364 1305 1596 1372 repente
1648 1318 1771 1357 sese
1822 1300 2002 1355 filium
2052 1299 2264 1370 aperit,
2316 1304 2375 1354 et

347 1373 579 1428 caedem
614 1389 911 1443 procorum
938 1376 1323 1443 perpetratam
1351 1377 1545 1429 narrat
1572 1374 1912 1444 (205—344).
1967 1371 2174 1427 Laetus
2204 1387 2374 1425 senex

345 1446 586 1514 lavatur,
624 1445 683 1499 et
716 1442 840 1514 ipse
875 1461 1098 1514 quoque
1138 1462 1173 1499 a
1207 1446 1465 1501 Minerva
1500 1445 1816 1515 decoratus,
1853 1461 1982 1500 cum
2008 1442 2174 1499 Dolio
2213 1458 2373 1497 servo

347 1519 405 1571 et
438 1515 662 1585 reliqua
694 1515 916 1571 familia
953 1519 1123 1586 atque
1151 1517 1355 1587 Ulysse
1383 1517 1796 1586 comitibusque
1825 1516 1945 1571 eius
1975 1515 2047 1570 ad
2074 1512 2373 1585 prandium

347 1588 712 1657 conveniunt,
771 1587 870 1642 ubi
925 1590 1103 1643 redux
1157 1589 1487 1660 agnoscitur
1540 1591 1599 1644 et
1652 1588 1933 1643 salutatur
1987 1587 2060 1639 ab
2116 1583 2378 1640 omnibus

350 1662 692 1730 (345—412).
766 1660 887 1714 Iam
933 1677 1153 1716 rumore
1200 1659 1389 1715 caedis
1434 1676 1536 1731 per
1570 1660 1768 1715 urbem
1805 1658 2087 1728 disperso,
2134 1655 2378 1709 habetur

348 1730 542 1786 concio
567 1729 964 1799 Ithacensium‚
1002 1730 1064 1784 in
1090 1747 1202 1799 qua
1228 1732 1505 1802 Eupithes
1534 1731 1840 1787 tumultum
1866 1730 2077 1783 movet:
2107 1725 2376 1781 continuo

347 1819 480 1872 pars
519 1801 745 1869 civium,
781 1818 1125 1871 quamquam
1159 1803 1602 1859 reclamantibus
1636 1805 1903 1861 Medonte
1942 1809 2000 1861 et
2034 1806 2377 1878 Halitherse,

350 1874 555 1930 armati
589 1875 848 1944 Ulyssem
886 1873 959 1928 ad
995 1872 1210 1929 Laertie
1251 1875 1548 1945 praedium
1582 1880 1993 1947 persequuntur
2030 1882 2375 1962 (413-471).

352 1947 461 2004 Sed
499 1963 594 2002 eos
641 1946 965 2002 comitatior
1002 1945 1231 2015 Ulysses
1277 1946 1530 2017 graviter
1604 1948 1796 2018 remit;
1843 1950 2129 2020 Eupithen
2167 1951 2377 2007 occid1t

349 2021 603 2088 Laertes3
641 2017 782 2090 ipsis
818 2033 1085 2088 praesens
1114 2017 1370 2074 Minerva
1407 2017 1567 2089 opitu
1594 2023 1735 2087 atur,
1774 2020 2075 2077 seditiosos
2106 2025 2375 2090 exterret3

350 2090 582 2146 tandem
610 2089 822 2161 Iupiter
861 2088 1082 2144 deiecto
1111 2089 1346 2145 fulmine
1382 2090 1661 2160 proelium
1690 2091 1927 2149 dirimit:
1969 2092 2050 2148 sic
2078 2094 2231 2150 facto
2259 2094 2376 2149 foe·

353 2164 484 2219 dere
521 2161 800 2218 amnestia
836 2160 1097 2229 utrinque
1136 2164 1195 2217 et
1229 2179 1344 2232 pax
1379 2162 1733 2233 componitur
1769 2168 2115 2235 (472—548).
