2650 3909
1007 248 1050 281 ω
1089 230 1202 299 (24)
1243 231 1503 283 σπονδαί.
2158 224 2279 287 191

158 405 238 448 52⁶
269 388 603 470 δούπησεν
649 384 724 454 δὲ
767 390 1022 470 πεσών,
1067 387 1361 473 ἀράβησε
1409 384 1482 452 δὲ
1527 384 1735 473 τεύχε’
1784 385 1881 451 ἐπ’
1929 388 2124 473 αὐτῷ.

266 491 339 557 έν
386 490 446 558 δ’
494 495 732 559 ἔπεσον
776 493 1139 589 προμάχοις
1177 488 1490 570 Ὀδυσεὺς
1534 490 1645 557 καὶ
1688 493 2004 577 φαίδιμος
2046 493 2223 573 υἱός,

265 597 511 662 τύπτον
559 594 632 663 δὲ
679 597 938 682 ξίφεσίν
982 621 1052 663 τε
1098 596 1207 662 καὶ
1253 600 1514 682 ἔγχεσιν
1560 597 1968 685 ἀμφιιγύοισι.
2146 608 2210 650 ²-
2228 590 2398 645 ΜΝ
2447 571 2478 648 ἶ

264 705 381 767 καί
419 703 505 767 νύ
548 725 622 767 κε
670 704 751 786 δὴ
798 702 1045 779 πάντάς
1090 699 1146 767 τ’
1193 705 1433 769 ὄλεσαν
1480 701 1591 767 καὶ
1636 705 1888 786 ἔθηκαν
1935 700 2286 782 ἀνόστους,

265 810 328 872 εἰ
368 809 456 891 μὴ
495 805 849 892 Ἀθηναίη,
893 808 1102 892 κούρη
1149 810 1318 884 Διὸς
1363 810 1720 893 αἰγιόχοιο,

159 936 239 977 580
265 914 470 996 ἤυσεν
515 921 738 1000 φωνῇ,
782 914 944 980 κατὰ
992 908 1066 977 δὲ
1113 912 1312 998 σχέθε
1363 915 1528 979 λαὸν
1574 914 1852 978 ἅπαντα·

356 1025 667 1109 »ἴσχεσθε
712 1017 1075 1103 πτολέμου,
1113 1015 1511 1103 Ἰθακήσιοι,
1558 1017 1941 1102 ἀργαλέοιο,

267 1126 357 1201 ὥς
400 1148 517 1189 κεν
563 1108 892 1208 ἀναιμωτί
931 1147 1003 1208 γε
1052 1126 1479 1210 διακρινθῆτε
1532 1123 1861 1208 τάχιστα.“

357 1229 447 1305 ὣς
490 1227 638 1312 φάτ’
685 1226 1053 1320 Ἀθηναίη,
1083 1233 1239 1305 τοὺς
1284 1226 1359 1295 δὲ
1404 1231 1665 1314 χλωρὸν
1711 1229 1859 1305 δέος
1904 1221 2055 1293 εἷλε.

268 1345 402 1398 τῶν
448 1330 509 1397 δ’
554 1334 697 1417 ἄρα·
728 1334 1092 1399 δεισάντων
1140 1333 1211 1398 ἐκ
1257 1344 1501 1419 χειρῶν
1546 1336 1783 1398 ἔπτατο
1829 1334 2091 1418 τεύχεα,

164 1462 244 1503 535
269 1439 482 1503 πάντα
530 1435 588 1502 δ’
641 1436 746 1502 ἐπὶ
790 1437 990 1523 χθονὶ
1036 1450 1259 1522 πῖπτε,
1303 1445 1467 1514 θεᾶς
1512 1440 1642 1503 ὅπα
1687 1439 2111 1523 φωνησάσης·

269 1546 434 1630 πρὸς
478 1538 553 1608 δὲ
595 1546 791 1609 πόλιν
837 1553 1191 1629 τρωπῶντο
1238 1547 1653 1628 λιλαιόμενοι
1698 1547 1967 1627 βιότοιο.

272 1648 678 1734 σμερδαλέον
724 1646 783 1712 δ’
836 1647 1066 1732 ἐβόησε
1086 1723 1091 1728 ,
1110 1650 1440 1725 πολύτλας
1486 1651 1628 1725 δῖος
1670 1646 2052 1731 Ὀδυσσεύς,

24 1743 201 1810 [ΝΜιι
226 1752 546 1839 ἥῖριησεν
592 1750 667 1843 δὲ
712 1735 890 1844 ἀλεὶς
934 1755 1023 1832 ὥς
1067 1751 1124 1819 τ’
1170 1757 1385 1832 αἰετὸς
1429 1737 2045 1852 ὕψιπετήειςᾈωὲκς
2334 1733 2544 1878 διν-4]

75 1822 251 1884 Μ
271 1857 382 1924 καὶ
425 1863 569 1926 τότε
618 1861 699 1944 δὴ
747 1863 1101 1946 Κρονίδηςἦ
1126 1859 1310 1946 ἀφίει
1356 1864 1685 1960 ψολόεντα
1730 1862 2088 1944 κεραυνόν,
2425 1812 2490 1870 h

166 1989 247 2030 540
271 1966 399 2029 κὰδ
446 1962 505 2030 δ’
552 1968 738 2031 ἔπεσε
783 1970 1038 2050 πρόσθε
1084 1968 1544 2050 γλαυκώπιδος
1589 1966 2092 2051 ὀβριμοπάτρης.

275 2069 357 2151 δὴ
403 2067 532 2135 τότ’
580 2064 903 2154 Ὀδυσσῆα
947 2071 1249 2156 προσέφη
1298 2076 1675 2155 γλαυκῶπις
1713 2068 1987 2154 Ἀθήνη·

364 2170 723 2256 ,,Διογενὲς
767 2175 1175 2260 Λαερτιάδη,
1218 2173 1626 2260 πολυμήχαν’
1677 2172 2027 2258 Ὀδυσσεῦ,

278 2286 488 2362 ἴσχεο,
532 2287 699 2343 παῦε
746 2275 820 2342 δὲ
863 2289 1080 2354 νεῖκος
1126 2279 1388 2363 ὀμοιίου
1433 2278 1778 2363 πολέμοιο,

276 2387 365 2470 μή
410 2405 547 2459 πως
592 2407 695 2448 τοι
740 2385 1074 2469 Κρονίδης
1117 2386 1550 2469 κεχολώσεται
1595 2383 1889 2468 εὐρύοπα
1938 2385 2165 2461 Ζεύς.“

169 2513 251 2553 545
367 2489 456 2567 ὣς
498 2485 650 2576 φάτ’
696 2484 1044 2573 Ἀθηναίη,
1091 2489 1127 2555 ὁ
1175 2486 1235 2553 δ’
1283 2488 1615 2572 ἐπείθετο,
1661 2498 1845 2573 χαῖρε
1893 2484 1967 2552 δὲ
2011 2494 2229 2575 θυμῷ.

278 2596 468 2682 ὅρκια
516 2592 575 2661 δ’
621 2589 706 2660 αὗ
750 2598 1111 2661 κατόπισθε
1156 2592 1295 2679 μετ’
1342 2591 1813 2679 ἀμφοτέροισιν
1860 2596 2058 2677 ἔθηκε

279 2702 550 2779 Παλλὰς
587 2699 940 2785 Ἀθηναίη,
983 2702 1191 2786 κούρη
1238 2703 1408 2777 Διὸς
1453 2701 1810 2784 αἰγιόχοιο,

279 2807 575 2892 Μέντορι
621 2806 927 2892 εἰδομένη
974 2803 1138 2892 ἠμὲν
1185 2805 1386 2891 δέμας
1430 2802 1548 2890 ἠδὲ
1592 2803 1702 2870 καὶ
1748 2805 1980 2888 αὐδήν.
