2650 3909
373 245 500 308 184
1022 266 1065 299 ω
1102 248 1215 316 (24)
1249 245 1320 300 τὰ
1358 241 1420 300 ἐν
1456 242 1724 315 Λαέρτου.

364 415 531 489 νηῦς
577 404 657 471 δέ
696 430 809 491 μοι
855 402 961 489 ἧδ’
1006 405 1276 490 ἕστηκεν
1324 402 1423 471 ἐπ’
1469 404 1681 491 ἀγροῦ
1724 408 1926 491 νόσφι
1971 410 2232 488 πόληος.

366 510 571 595 αὐτὰρ
613 507 922 595 Ὀδυσσῆι
967 513 1118 577 τόδε
1168 512 1250 594 δὴ
1297 509 1592 595 πέμπτον
1638 512 1781 587 ἔτος
1824 509 2035 593 ἐστίν,

256 637 337 678 310
367 614 431 692 ἐξ
480 611 563 680 οὗ
607 623 834 682 κεῖθεν
882 619 997 701 ἔβη
1045 616 1156 683 καὶ
1203 617 1362 700 ἐμῆς
1407 615 1784 698 ἀπελήλυθε
1828 617 2104 700 πάτρης,

365 721 714 806 δύσμορος.
804 718 846 805 ἦ
891 720 969 787 τέ
1008 723 1079 789 οἰ
1118 720 1352 787 ἐσθλοὶ
1398 723 1557 786 ἔσαν
1603 723 1872 806 ὄρνιθες
1917 723 2118 804 ἰόντι,

364 824 599 910 δεξιοί,
646 818 746 903 οἷς
789 831 1037 911 χαίρων
1084 822 1205 910 μὲν
1252 825 1427 908 ἐγὼν
1473 824 1854 909 ἀπέπεμπον
1901 825 2187 909 ἐκεῖνον,

364 940 548 1015 χαῖρε
596 927 671 995 δὲ
716 942 934 1007 κεῖνος
981 932 1127 996 ἰών·
1173 932 1396 1014 θυμὸς
1442 928 1501 994 δ’
1547 932 1643 995 ἔτι
1687 940 1853 995 νῶιν
1900 929 2133 996 ἐώλπει

363 1034 668 1118 μίξεσθαι
714 1034 892 1120 ξενίῃ
936 1030 1042 1117 ἠδ’
1089 1033 1299 1117 ἀγλαὰ
1348 1036 1529 1120 δῶρα
1575 1035 1954 1100 διδώσειν.“

257 1164 336 1204 ³15
453 1139 541 1215 ὣς
584 1140 785 1225 φάτο,
829 1141 963 1204 τὸν.
993 1133 1056 1204 δ’
1099 1141 1290 1224 ἄχεος
1333 1138 1576 1224 νεφέλη
1626 1139 1912 1218 ἐκάλυψε
1958 1140 2260 1223 μέλαινα·

363 1242 769 1331 ἀμφοτέρῃσι
814 1240 890 1309 δὲ
933 1243 1159 1330 χερσὶν
1207 1242 1377 1310 ἑλὼν
1421 1248 1611 1311 κόνιν
1657 1248 2104 1342 αἰθέλόεσσαν
2260 1231 2274 1248 ’

361 1351 596 1434 χεύατο
642 1351 766 1415 ’κὰκ
810 1355 1097 1433 κεφαλῆς
1138 1345 1404 1434 πολιῆς,
1449 1349 1646 1415 ἀδινὰ
1693 1354 2104 1434 στεναχίζων.

65 1465 307 1559 (ΛἾΜ
362 1464 483 1535 τοῦ
529 1451 590 1519 δ’
638 1455 912 1542 ὠρίνετο
955 1459 1206 1540 θυμός,
1252 1454 1380 1520 ἀνὰ
1428 1456 1617 1541 ῥίνας
1662 1454 1744 1521 δέ
1783 1456 1855 1521 οἰ
1893 1457 2021 1539 ἤδη

46 1555 313 1630 *md-⁴³12*
365 1562 566 1645 δριμὺ
612 1559 808 1654 μέν-195
851 1561 1188 1660 πριζύτυψε
1234 1565 1437 1644 φίλον
1482 1559 1704 1647 πατέρ’
1749 1535 2460 1646 εἰσορόωντιἸΊιΜΜ

52 1633 95 1694 ⁴3·
120 1663 195 1692 ¹⁴⁴⁶
234 1633 342 1729 ’δέξό
362 1665 562 1730 κύσσε
610 1664 691 1730 δέ
730 1690 846 1750 μιν
890 1669 1172 1750 περιφὺς
1217 1665 1612 1757 ἐπιάλμενος
1654 1663 1775 1749 ἠδὲ
1820 1668 2191 1752 προσηύδα·

454 1782 712 1854 »κεῖνος
739 1771 861 1855 μέν
888 1794 989 1837 τοι
1019 1769 1122 1836 ὅδ’
1152 1772 1351 1847 αὐτὸς
1379 1770 1529 1854 ἐγώ,
1556 1772 1783 1856 πάτερ,
1814 1771 1895 1836 ὃν
1921 1775 2006 1836 σὺ
2035 1776 2378 1860 μεταλλᾷς,

362 1877 624 1957 ἤλυθον
670 1879 939 1963 εἰκοστῷ
988 1879 1122 1940 ἔτει·
1163 1876 1229 1952 ἐς
1273 1877 1557 1961 πατρίδα
1603 1887 1817 1958 γαῖαν.

364 1978 507 2045 ἀλλ’
554 1987 731 2065 ἴσχεο
775 1987 1147 2065 κλαυθμοῖο
1193 1982 1382 2062 γόοιό
1426 2002 1495 2045 τε
1544 1982 1999 2066 δακρυόεντος.

365 2085 437 2151 ἐκ
481 2086 607 2171 γάρ
651 2110 754 2151 τοι
803 2085 989 2171 ἐρέω·
1036 2086 1211 2168 μάλα
1258 2081 1334 2150 δὲ
1379 2086 1501 2171 χρὴ
1550 2084 1915 2169 σπευδέμεν
1962 2089 2190 2171 ἔμπης·

166 2197 177 2206 ’
256 2214 336 2254 326
363 2199 738 2275 μνηστῆρας
780 2189 1191 2275 κατέπεφνον
1237 2190 1311 2255 ἐν
1356 2188 1727 2276 ἡμετέροισι
1775 2192 2069 2276 δόμοισι,

363 2298 585 2381 λώβην
629 2296 977 2379 τινύμενος
1019 2293 1370 2378 θυμαλγέα
1415 2293 1525 2360 καὶ
1570 2297 1736 2360 κακὰ
1782 2295 2004 2380 ἔργα.“

449 2404 568 2467 τὸν
613 2398 673 2465 δ’
720 2394 804 2464 αὖ
850 2400 1147 2483 Λαέρτης
1190 2395 1581 2483 ἀπαμείβετο
1629 2398 1939 2484 φώνησέν
1983 2417 2079 2465 τε·

452 2508 560 2591 ,,εἰ
601 2501 723 2590 μὲν
769 2506 852 2588 δὴ
894 2502 1204 2580 Ὀδυσεύς
1248 2527 1357 2587 γε,
1404 2503 1558 2587 ἐμὸς
1599 2515 1783 2588 παῖς,
1831 2502 2063 2569 ἐνθάδ’
2112 2508 2378 2590 ἱκάνεις,

362 2612 537 2696 σῆμά
579 2616 650 2677 τί
687 2635 799 2694 μοι
843 2620 973 2675 νῦν
1019 2607 1160 2675 εἰπὲ
1205 2607 1596 2694 ἀριφραδές,
1642 2612 1817 2695 ὄφρα
1861 2611 2227 2676 πεποίθω.“

254 2739 335 2779 sao
448 2718 568 2781 τὸν
605 2713 665 2779 δ’
713 2714 1235 2797 ἀπαμειβόμενος
1269 2711 1571 2799 προσέφη
1607 2715 1968 2796 πολύμητις
1997 2712 2374 2793 Ὀδυσσεύς·

451 2819 702 2904 ,,οὐλὴν
747 2816 868 2902 μὲν
914 2827 1177 2900 πρῶτον
1221 2819 1418 2901 τῆνδε
1465 2818 1715 2901 φράσαι
1760 2817 2202 2904 ὀφθαλμοῖσι,

358 2928 482 3010 τὴν
528 2923 601 2989 ἐν
646 2929 983 3011 Παρνησῷ
1030 2920 1095 3006 μ’
1143 2926 1378 2987 ἔλασεν
1423 2931 1543 2999 σῦς
1588 2925 1801 3010 λευκῷ
1848 2923 2074 2992 ὀδόντι

360 3034 736 3117 οἰχόμενον·
789 3032 871 3094 σὺ
920 3026 1000 3093 δέ
1039 3050 1119 3112 με
1164 3031 1416 3113 προΐεις
1460 3025 1570 3092 καὶ
1615 3031 1852 3093 πότνια
1898 3033 2108 3115 μήτηρ

359 3137 426 3213 ἐς
468 3132 687 3221 πατέρ’
742 3134 1131 3199 Αὐτόλυκον
1178 3134 1423 3218 μητρὸς
1465 3135 1700 3216 φίλον,
1745 3131 1894 3219 ὄφρ’
1943 3134 2297 3219 ἀνελοίμην

250 3263 330 3304 885
359 3244 571 3325 δῶρα,
625 3241 705 3305 τὰ
751 3241 950 3325 δεῦρο
1007 3241 1230 3323 μολών
1276 3263 1389 3323 μοι
1445 3237 1763 3322 ὑπέσχετο
1810 3237 1919 3303 καὶ
1963 3237 2371 3306 κατένευσεν.

357 3347 420 3409 εἰ
463 3343 524 3410 δ’
566 3346 685 3427 ἄγε
729 3367 832 3409 τοι
877 3341 986 3408 καὶ
1024 3337 1281 3428 δένδρε’
1325 3327 1714 3427 ἐυκτιμένην
1759 3340 1895 3407 κατ’
1944 3342 2167 3427 ἀλωὴν

356 3455 550 3530 εἴπω,
595 3450 639 3512 ἅ
683 3452 804 3532 μοί
840 3446 983 3514 ποτ’
1031 3449 1309 3532 ἔδωκας,
1357 3446 1486 3530 ἐγὼ
1533 3445 1594 3511 δ’
1645 3444 1841 3531 ᾔτεόν
1888 3464 1961 3511 σε
2008 3447 2244 3514 ἕκαστα

355 3553 633 3628 παιδνὸς
678 3552 837 3635 ἐών,
881 3553 1043 3617 κατὰ
1089 3562 1301 3637 κῆπον
1351 3552 1806 3634 ἐπισπόμενος·
1855 3552 1968 3617 διὰ
2014 3550 2075 3618 δ’
2121 3555 2338 3620 αὐτῶν
