2650 3909
1357 21 1493 143 37

374 225 459 289 84
748 247 779 296 ρ
820 229 930 295 (17)
970 222 1247 290 ἐπάνοδος
1288 226 1613 297 Τηλεμάχου
1653 226 1731 290 εἰς
1767 225 2010 296 Ἰθάκην.

370 387 434 450 εἰ
476 383 558 450 δέ
596 385 676 451 κέ
715 404 786 451 σε
833 389 1015 474 γνώῃ
1061 386 1382 473 νημερτέα
1426 385 1616 454 πάντ’
1663 387 2011 471 ἐνέποντα,

371 489 548 555 ἕσσει
595 507 667 555 σε
713 492 991 578 χλαῖνάν
1028 516 1098 556 τε
1143 493 1384 578 χιτῶνά
1429 516 1529 576 τε,
1573 504 1705 558 τῶν
1752 497 1836 557 σὺ
1882 492 2160 576 μάλιστα

371 599 676 679 χρηίζεις·
731 609 915 663 σῖτον
962 595 1035 662 δὲ
1080 596 1190 662 καὶ
1236 601 1499 677 αἰτίζων
1543 600 1704 663 κατὰ
1751 600 1963 683 δῆμον

371 700 653 787 γαστέρα
698 704 1068 787 βοσκήσεις·
1118 704 1314 768 δώσει
1362 702 1442 768 δέ
1482 727 1585 769 τοι
1632 704 1704 779 ὅς
1746 702 1806 768 κ’
1854 703 2184 790 έθέλῃσι.“

262 837 343 878 560
457 819 576 882 τὸν
622 815 682 881 δ’
728 813 883 882 αὖτε·
928 816 1274 901 προσέειπε
1321 818 1653 895 πολύτλας
1700 819 1841 895 δῖος
1881 816 2254 894 Ὀδυσσεύς·

461 920 774 1006 ,,Εὔμαι’,
819 918 981 1000 αἶψά
1025 920 1084 986 κ’
1133 921 1259 1005 ἐγὼ
1306 921 1630 1007 νημερτέα
1674 921 1863 988 πάντ’
1916 921 2211 1008 ἐνέποιμι

367 1027 576 1111 κούρῃ
619 1024 955 1111 Ἰκαρίοιο,
1001 1033 1354 1112 περίφρονι
1401 1032 1847 1114 Πηνελοπείῃ·

370 1127 519 1196 οἰδα
565 1133 691 1215 γὰρ
738 1127 813 1196 εὗ
859 1130 1011 1217 περὶ
1055 1136 1313 1217 κείνου,
1361 1134 1532 1217 ὁμὴν
1577 1132 1641 1200 ,δ’
1685 1132 2077 1218 ἀνεδέγμεθ’
2125 1136 2323 1213 ὀιζύν.

371 1237 534 1302 ἀλλὰ
580 1240 971 1321 μνηστήρων
1017 1244 1318 1324 χαλεπῶν
1365 1237 1688 1316 ὑποδείδι’
1737 1240 2002 1324 ὅμιλον,

264 1348 342 1388 565
369 1348 479 1394 τῶν
517 1338 676 1413 ὕβρίς
709 1359 769 1394 τε
808 1342 900 1411 βίη
937 1359 996 1395 τε
1034 1340 1297 1411 σιδήρεον
1338 1341 1584 1412 οὐρανὸν
1622 1343 1745 1396 ἵκει.

370 1428 479 1494 καὶ
524 1431 651 1516 γὰρ
699 1440 858 1515 νῦν,
905 1432 1011 1496 ὅτε
1057 1430 1124 1516 μ’
1177 1428 1370 1509 οὗτος
1416 1432 1585 1516 ἀνὴρ
1631 1434 1793 1497 κατὰ
1840 1435 2027 1517 δῶμα
2074 1435 2300 1499 κιόντα

370 1537 451 1600 οὔ
498 1560 559 1601 τι
604 1539 809 1602 κακὸν
856 1536 1133 1623 ῥέξαντα
1178 1540 1403 1622 βαλὼν
1450 1539 1772 1623 ὀδύνῃσιν
1820 1541 2096 1622 ἔδωκεν,

371 1638 541 1716 οὔτέ
566 1666 628 1706 τι
683 1641 1056 1726 Τηλέμαχος
1099 1645 1172 1707 τό
1219 1641 1276 1725 γ’
1327 1644 1682 1728 ἐπήρκεσεν
1730 1643 1888 1708 οὔτέ
1924 1667 2021 1719 τις
2066 1645 2279 1720 ἄλλος.

369 1746 459 1809 τὼ
506 1755 634 1811 νῦν
680 1750 1141 1830 Πηνελόπειαν
1190 1745 1292 1812 ἐνὶ
1337 1747 1723 1830 μεγάροισιν
1767 1749 2026 1830 ἄνωχθι

266 1875 345 1915 570
370 1861 619 1934 μεῖναι,
666 1850 1095 1934 ἐπειγομένην
1139 1871 1292 1935 περ,
1340 1851 1405 1927 ές
1450 1850 1674 1934 ἠέλιον
1721 1852 2116 1916 καταδύντα·

369 1954 478 2020 καὶ
523 1959 667 2021 τότε
714 1953 781 2038 μ’
826 1953 1107 2040 εἰρέσθω
1154 1957 1387 2031 πόσιος
1430 1953 1578 2040 πέρι
1625 1959 1939 2038 νόστιμον
1984 1950 2158 2040 ἦμαρ

370 2058 702 2145 ἀσσοτέρω
748 2064 1080 2125 καθίσασα
1126 2058 1328 2142 παραὶ
1373 2064 1561 2145 πυρί·
1610 2061 1838 2143 εἵματα
1884 2061 2010 2147 γάρ
2056 2085 2157 2127 τοι

369 2163 558 2250 λύγρ’
603 2169 756 2249 ἔχω·
805 2161 1007 2231 οἶσθα
1051 2163 1158 2229 καὶ
1207 2166 1425 2248 αὐτός,
1472 2166 1618 2232 ἐπεί
1648 2182 1720 2232 σε
1765 2166 1980 2251 πρῶθ’
2027 2166 2341 2233 ἱκέτευσα.
2345 2168 2386 2204 ‘⁶

458 2280 547 2357 ὣς
591 2280 793 2365 φάτο,
837 2285 923 2365 βῆ
972 2278 1047 2345 δὲ
1093 2283 1468 2365 συφορβός,
1513 2279 1652 2345 ἐπεὶ
1696 2283 1816 2347 τὸν
1862 2289 2087 2366 μῦθον
2129 2284 2387 2348 ἄκουσε.

263 2408 342 2449 5⁷5
369 2388 486 2452 τὸν
533 2383 594 2451 δ’
639 2383 805 2472 ὑπὲρ
852 2386 1063 2452 οὐδοῦ
1109 2387 1319 2471 βάντα
1364 2388 1712 2473 προσηύδα
1760 2393 2203 2471 Πηνελόπεια·

460 2493 586 2576 ,,οὐ
633 2490 779 2576 σύγ’
824 2494 1036 2575 ἄγεις,
1082 2495 1367 2576 Εύμαιε;
1412 2498 1481 2556 τί
1521 2488 1700 2559 τοῦτ’
1745 2493 2018 2576 ἐνόησεν
2064 2494 2326 2576 ἀλήτης;

370 2593 411 2681 ἦ
458 2598 606 2662 τινά
649 2620 780 2664 που
829 2599 1051 2671 δείσας
1080 2596 1419 2699 ἐξαίσιον,
1464 2593 1540 2679 ἦε
1585 2594 1695 2661 καὶ
1740 2598 1954 2673 ἄλλως
2003 2602 2152 2671 ow?
2175 2617 2230 2735 a}
2255 2607 2632 2666 mmmm*

372 2703 650 2766 αἰδεῖται
695 2703 858 2766 κατὰ
906 2702 1122 2782 δῶμα,
1169 2698 1474 2807 acan-9316
1521 2699 1796 2804 αἰδοῖος(
1817 2700 2120 2800 ἀέὶῄτηςὲ(

457 2808 580 2889 τὴν
628 2803 689 2869 δ’
733 2803 1256 2888 ἀπαμειβόμενος
1301 2803 1674 2889 προσέφης,
1720 2806 1972 2889 Εὔμαιε
2020 2809 2310 2889 συβῶτα·

265 2933 345 2973 580
463 2917 815 2994 »μυθεῖται
859 2909 1022 2974 κατὰ
1069 2921 1343 2995 μοῖραν,
1389 2911 1431 2974 ἄ
1476 2907 1598 2994 πέρ
1644 2908 1705 2975 κ’
1754 2917 1961 2977 οἰοιτο
2005 2913 2115 2977 καὶ
2162 2913 2388 2995 ἄλλος,

370 3016 568 3103 ὕβριν
614 3015 994 3094 ἀλυσκάζων
1041 3014 1307 3100 ἀνδρῶν
1353 3016 1954 3101 ὑπερηνορεόντων.

372 3122 538 3187 ἀλλά
586 3140 657 3187 σε
703 3133 922 3205 μεῖναι
968 3122 1224 3203 ἄνωγεν
1270 3120 1337 3197 ἐς
1380 3120 1607 3204 ἠέλιον
1651 3123 2040 3189 καταδύντα.

371 3226 482 3293 καὶ
528 3225 604 3292 δὲ
650 3226 756 3293 σοὶ
803 3222 919 3292 ὧδ’
966 3226 1128 3312 αὐτῇ
1175 3229 1349 3292 πολὺ
1393 3228 1698 3311 κάλλιον,
1746 3222 1797 3289 ὦ
1845 3231 2179 3310 βασίλεια,

373 3340 522 3417 οἴην
566 3335 729 3417 πρὸς
772 3332 993 3410 ξεῖνον
1039 3332 1299 3416 φάσθαι
1347 3336 1500 3409 ἔπος
1544 3327 1652 3415 ἠδ’
1700 3331 2120 3397 ἐπακοῦσαι.“

266 3460 345 3500 585
462 3439 580 3503 τὸν
625 3435 688 3501 δ’
732 3432 886 3502 αὖτε
933 3437 1280 3520 προσέειπε
1325 3441 1670 3523 περίφρων
1717 3441 2161 3520 Πηνελόπεια·

462 3542 630 3628 ,,οὐκ
674 3544 910 3627 ἄφρων
959 3543 994 3607 ὁ
1042 3543 1537 3625 ξεῖνος,ὀίεται,
1584 3543 1836 3641 ὦς’-περ
1883 3541 1966 3607 ἂν
2013 3550 2141 3628 εἴη·
2197 3525 2506 3636 Μ
