2650 3909
359 202 484 270 116
725 225 756 259 τ
793 207 904 276 (19)
936 203 1238 268 Ὀδυσσέως
1275 205 1372 259 καὶ
1409 203 1740 273 Πηνελόπης
1776 203 1979 273 ὁμιλία.

354 378 523 432 τοῖσι
569 362 644 430 δὲ
689 366 929 449 μύθων
973 360 1131 450 ἦρχε
1177 369 1520 450 περίφρων
1578 368 2011 448 Πηνελόπεια·

444 469 688 555 ,,ξεῑνε,
733 473 807 536 τὸ
854 469 975 554 μέν
1023 469 1083 535 σ’
1126 473 1221 535 ἔτι
1266 473 1516 536 τυτθὸν
1564 469 1735 553 ἐγὼν
1781 472 2126 553 εἰρήσομαι
2173 470 2337 554 αὐτή
2356 490 2371 505 ·

246 597 328 637 510
354 575 464 641 καὶ
509 578 635 664 γὰρ
683 578 765 661 δὴ
812 580 1058 642 κοίτοιο
1105 572 1246 661 τάχ’
1291 580 1549 642 ἔσσεται
1592 574 1789 658 ἡδέος
1833 577 2004 659 ὥρη,

355 682 434 746 ὅν
479 682 628 747 τινά
673 675 737 765 γ’
778 682 989 758 ὕπνος
1035 681 1171 747 ἕλοι
1217 684 1536 766 γλυκερὸς
1579 678 1689 745 καὶ
1735 681 2102 764 κηδομενόν
2147 703 2288 766 περ.

355 787 560 872 αὐτὰρ
607 785 751 870 ἐμοὶ
797 782 906 850 καὶ
949 784 1199 860 πένθος
1244 784 1609 869 ἀμέτρητον
1654 789 1817 870 πόρε
1864 787 2145 869 δαίμων·

354 893 567 975 ἤματα
612 888 733 975 μὲν
779 892 905 977 γὰρ
950 887 1219 976 τέρπομ’
1261 888 1665 974 ὀδυρομένη,
1712 894 2000 973 γοόωσα,

356 997 421 1071 ἔς
463 993 522 1060 τ’
565 994 686 1079 ἐμοὶ
733 999 770 1060 ἔ
850 993 866 1019 ’
914 995 1176 1081 ὁρόωσα
1221 993 1331 1082 καὶ
1377 994 1771 1088 ἀμφιπόλων
1817 995 1918 1061 ἐνὶ
1964 1003 2150 1085 οἴκῳ·

248 1121 328 1161 515
357 1099 563 1184 αὐτὰρ
612 1020 1426 1186 ἐπὴέἔῶῖῗλθῇΐέλῇἷί
1464 1124 1532 1165 τε
1577 1112 1796 1178 κοῖτος
1840 1103 2160 1184 ἅπαντας,

353 1216 571 1288 κεῖμαι
619 1203 719 1270 ἐνὶ
766 1204 1050 1294 λέκτρῳ,
1096 1203 1370 1270 πυκιναὶ
1417 1203 1497 1271 δέ
1537 1230 1648 1289 μοι
1696 1202 1857 1290 ἀμφ’
1902 1205 2138 1271 ἀδινὸν
2181 1217 2304 1290 κῆρ

355 1308 558 1387 ὀξεῖαι
604 1312 969 1394 μελεδῶναι
1016 1309 1435 1395 ὀδυρομένην
1483 1311 1851 1396 ἐρέθουσιν.

356 1415 445 1491 ὡς
490 1410 550 1479 δ’
595 1416 701 1480 ὅτε
747 1413 1146 1503 Πανδαρέου
1190 1417 1431 1501 κούρη,
1476 1415 1760 1503 χλ-ωρηὶς
1798 1411 2326 1499 ’Ληδώνψωαιῖ
2375 1401 2398 1454 '²

354 1522 559 1586 καλὸν
604 1520 905 1608 ἀείδῃσιν
953 1524 1144 1605 ἔαρος
1187 1520 1344 1586 νέον
1394 1518 1798 1604 ἱσταμένοιο,

247 1645 329 1686 520
356 1624 688 1711 δενδρέων
736 1626 809 1693 έν
853 1628 1192 1691 πετάλοισι
1237 1623 1643 1707 καθεζομένη
1690 1636 2095 1708 πυκινοῖσιν,

24 1718 292 1843 νωἻᾷΛη
353 1731 396 1812 ἥ
443 1753 510 1794 τε
555 1732 741 1815 θαμὰ
788 1741 1111 1820 τρωπῶσα
1155 1728 1286 1814 χέει
1333 1728 1666 1812 πολυηχέα
1711 1730 1974 1813 φωνήν,

354 1832 537 1899 παῖδ’
581 1832 1040 1919 ὀλοφυρομένη
1070 1831 1333 1897 Ἴτυλον
1379 1837 1613 1916 φίλον,
1659 1832 1738 1897 ὅν
1781 1853 1939 1897 ποτε
1981 1838 2198 1919 χαλκῷ

354 1950 565 2003 κτεῖνε
614 1934 700 2002 δι’
747 1937 1105 2021 ἀφραδίας,
1151 1946 1399 2020 κοῦρον
1451 1938 1707 2018 Ζήθοιο
1753 1937 2062 2021 ἄνακτος,

357 2042 446 2118 ὣς
490 2044 600 2106 καὶ
647 2039 793 2124 ἐμοὶ
840 2043 993 2125 δίχα
1037 2042 1256 2123 θυμὸς
1301 2041 1622 2126 ὀρώρεται
1668 2042 1837 2106 ἔνθα
1880 2038 1989 2105 καὶ
2034 2043 2233 2127 ἔνθα,

249 2169 329 2210 525
356 2143 431 2230 ἠὲ
477 2145 654 2229 μένω
698 2146 873 2231 παρὰ
918 2142 1106 2210 παιδὶ
1150 2142 1260 2209 καὶ
1309 2148 1556 2229 ἔμπεδα
1599 2145 1812 2210 πάντα
1858 2148 2207 2231 φυλάσσω,

354 2259 585 2334 κτῆσιν
631 2250 831 2335 ἐμήν,
878 2249 1099 2337 δμῳάς
1142 2274 1210 2315 τε
1255 2249 1367 2315 καὶ
1410 2247 1736 2338 ὑψερεφὲς
1779 2250 1944 2335 μέγα
1991 2254 2207 2338 δῶμα,

355 2356 560 2439 εὐνήν
605 2352 659 2421 τ’
707 2355 1023 2440 αἰδομένη
1069 2359 1299 2432 πόσιος
1346 2358 1582 2441 δήμοιό
1627 2380 1696 2441 τε
1741 2367 1980 2441 φῆμιν,

354 2457 395 2545 ἦ
443 2463 569 2546 ἤδη
617 2461 726 2546 ἅμ’
773 2462 1025 2547 ἕπωμαι
1063 2459 1343 2547 Ἀχαιῶν
1390 2462 1462 2539 ὅς
1507 2484 1605 2538 τις
1648 2463 1913 2542 ἄριστος

356 2578 595 2652 μνᾶται
642 2567 742 2632 ἐνὶ
786 2568 1161 2652 μεγάροισι,
1205 2568 1433 2653 πορὼν
1479 2566 1817 2652 ἀπερείσια
1863 2567 2041 2632 ἕδνα.

249 2694 331 2733 530
356 2684 508 2748 παῖς
554 2667 614 2737 δ’
659 2670 812 2754 ἐμὸς
857 2670 977 2745 ἕως
1021 2665 1143 2752 μὲν
1190 2671 1306 2751 ἔην
1354 2672 1447 2733 ἔτι
1493 2672 1726 2752 νήπιος
1770 2665 1888 2751 ἠδὲ
1932 2674 2304 2757 χαλίφρων,

356 2743 646 2859 γῆμασῌ
691 2776 779 2870 οὔ,
819 2772 886 2856 μ’
926 2780 1040 2868 {fa
1067 2776 1317 2850 πόσιος
1360 2775 1524 2839 κατὰ
1570 2776 1758 2857 δῶμα
1802 2779 2152 2840 λιποῦσαν·

356 2867 485 2946 νῦν
532 2877 592 2945 δ’
641 2880 747 2951 ὅτε
795 2880 877 2963 δὴ
924 2876 1125 2962 μέγας
1171 2877 1307 2943 ἐστὶ
1353 2876 1463 2944 καὶ
1508 2880 1675 2964 ἥβης
1718 2877 1960 2963 μέτρον
2006 2880 2216 2945 ἱκάνει
2228 2929 2247 2964 ,

356 2988 465 3051 καὶ
513 2987 595 3068 δή
642 2981 707 3069 μ’
755 2983 988 3069 ἀρᾶται
1034 2984 1235 3049 πάλιν
1282 2982 1563 3068 ἐλθέμεν
1610 2984 1681 3050 ἐκ
1727 2985 2071 3071 μεγάροιο,

356 3094 622 3175 κτήσιος
666 3089 1043 3174 ἀσχαλόων,
1087 3091 1208 3172 τήν
1255 3091 1326 3155 οἰ
1366 3090 1758 3156 κατέδουσιν
1798 3087 2061 3176 Ἀχαιοί.

250 3216 330 3257 535
357 3192 500 3261 ἀλλ’
546 3197 663 3277 ἄγε
709 3219 822 3278 μοι
867 3197 984 3260 τὸν
1030 3197 1295 3282 ὄνειρον
1341 3196 1698 3282 ὑπόκριναι
1742 3193 1851 3261 καὶ
1895 3197 2203 3262 ἄκουσον.

355 3298 548 3385 χῆνές
593 3323 705 3383 μοι
750 3301 911 3365 κατὰ
957 3296 1143 3366 οἷκον
1192 3300 1434 3367 ἐείκοσι
1477 3304 1693 3387 πυρὸν
1738 3302 2006 3365 ἔδουσιν

359 3402 425 3481 ἐξ
472 3404 741 3487 ὕδατος,
785 3412 900 3470 καί
938 3405 1015 3470 τέ
1055 3424 1215 3490 σφιν
1263 3409 1558 3490 ἰαίνομαι
1603 3408 1990 3490 εἰσορόωσα·

360 3507 580 3573 ἐλθὼν
628 3507 688 3572 δ’
735 3507 800 3587 ἐξ
849 3511 1035 3592 ὄρεος
1080 3509 1281 3594 μέγας
1325 3514 1539 3588 αἰετὸς
1582 3510 2049 3596 ἀγκυλοχείλης
