2650 3909
356 212 360 217 1
417 227 545 290 160
1067 247 1098 296 χ
1136 230 1249 297 (22)
1286 227 1762 296 μνηστηροφονία.

415 384 726 470 ἐλθέμεν,
772 388 845 450 αἵ
884 408 1006 471 περ
1052 391 1353 472 πρόσθεν
1400 385 1616 452 ἀεικέα
1661 386 2150 471 μηχανόωντο.“

504 491 591 568 ὣς
636 485 740 575 ἄρ’
783 492 940 575 ἔφη,
985 491 1191 575 γρηῢς
1237 488 1312 556 δὲ
1359 488 1447 555 δι’
1494 490 1565 555 ἐκ
1610 492 1924 576 μεγάροιο
1970 494 2235 576 βεβήκει

415 594 818 678 ἀγγελέουσα
865 594 1124 678 γυναιξὶ
1167 594 1277 661 καὶ
1324 594 1732 681 ὀτρυνέουσα
1776 594 2064 661 νέεσθαι.

309 724 390 763 435
418 700 623 785 αὐτὰρ
671 700 707 766 ὁ
762 700 1141 785 Τηλέμαχον
1185 698 1296 766 καὶ
1340 703 1669 783 βουκόλον
1715 697 1834 784 ἠδὲ
1880 702 2186 785 συβώτην

416 808 509 880 εἰς
551 806 586 869 ἓ
626 806 1110 889 καλεσσάμενος
1154 807 1309 870 ἔπεα
1354 808 1707 889 πτερόεντα
1751 807 2122 890 προσηύδα·

506 912 777 994 »ἄρχετε
823 921 951 975 νῦν
995 909 1233 988 νέκυας
1276 909 1547 996 φορέειν
1590 908 1702 975 καὶ
1747 912 2010 996 ἄνωχθε
2057 924 2399 996 γυναῖκας·

415 1014 622 1098 αὐτὰρ
670 1017 888 1078 ἔπειτα
931 1016 1226 1099 θρόνους
1268 1013 1698 1100 περικαλλέας
1741 1012 1859 1100 ἠδὲ
1903 1016 2218 1103 τραπέζας

417 1120 611 1185 ὕδατι
656 1117 766 1184 καὶ
811 1122 1159 1202 σπόγγοισι
1203 1123 1673 1205 πολυτρήτοισι
1718 1124 2086 1208 καθαίρειν.

311 1248 392 1287 440
420 1225 624 1310 αὐτὰρ
672 1224 836 1308 ἐπὴν
884 1225 966 1306 δὴ
1012 1225 1226 1289 πάντα
1273 1226 1483 1309 δόμον
1528 1231 2149 1312 κατακοσμήσησθε,

419 1331 640 1418 δμωὰς
687 1328 1114 1413 ἐξαγαγόντες
1159 1330 1516 1408 ἐυσταθέος
1559 1332 1873 1419 μεγάροιο

29 1428 223 1501 stum}
257 1426 746 1519 λεωμεσσηγύς
786 1458 855 1500 τε
900 1438 1115 1515 θόλου
1160 1434 1271 1501 καὶ
1317 1436 1656 1521 ἀμύμονος
1701 1437 1923 1535 &px-599
1967 1437 2202 1522 αὐλῆς,
2270 1416 2495 1533 μὲν

367 1612 378 1616 -
416 1540 796 1625 θεινέμεναι
841 1540 1099 1626 ξίφεσιν
1143 1544 1569 1625 τανυήκεσιν,
1619 1544 1713 1619 εἰς
1758 1543 1794 1607 ὅ
1839 1566 1913 1607 κε
1955 1540 2220 1607 πασέων

417 1648 632 1732 ψυχὰς
678 1646 1084 1731 ἐξαφέλησθε
1129 1646 1238 1711 καὶ
1287 1645 1724 1713 ἐκλελάθωντ’
1771 1646 2194 1732 Ἀφροδίτης,

311 1771 391 1812 445
418 1753 538 1834 τὴν
581 1750 685 1837 ἄρ’
730 1753 859 1817 ὑπὸ
906 1761 1314 1837 μνηστῆρσιν
1360 1754 1513 1835 ἔχον
1558 1753 1875 1835 μίσγοντό
1919 1774 1989 1815 τε
2035 1751 2318 1835 λάθρῃ.“

510 1856 598 1932 ὣς
642 1853 872 1939 ἔφαθ’,
917 1857 991 1919 αἱ
1031 1851 1105 1919 δὲ
1152 1866 1459 1937 γυναῖκες
1505 1854 1769 1931 ἀολλέες
1813 1849 2030 1937 ἦλθον
2076 1855 2350 1938 ἅπασαι,

418 1957 546 2024 αἴν’
594 1960 1110 2044 ὀλοφυρόμεναι,
1152 1962 1447 2044 θαλερὸν
1491 1961 1654 2024 κατὰ
1700 1960 1911 2044 δάκρυ
1955 1958 2243 2045 χέουσαι.

416 2075 640 2148 πρῶτα
684 2061 804 2148 μὲν
852 2060 976 2130 οὖν
1022 2062 1259 2141 νέκυας
1302 2066 1552 2149 φόρεον
1597 2072 2165 2149 κατατεθνηῶτας,

417 2170 543 2235 κὰδ
589 2168 647 2234 δ’
696 2166 800 2255 ἄρ’
844 2167 954 2234 ὑπ’
1001 2171 1289 2256 αἰθούσῃ
1335 2173 1614 2236 τίθεσαν
1660 2168 1958 2252 εὐερκέος
2003 2169 2235 2253 αὐλῆς,

311 2294 392 2334 450
419 2274 806 2358 ἀλλήλοισιν
854 2272 1251 2358 ἐρείδουσαι·
1300 2276 1575 2358 σήμαινε
1622 2273 1682 2340 δ’
1730 2271 2083 2351 Ὀδυσσεὺς

418 2380 614 2456 αὐτὸς
657 2377 1091 2464 ἐπισπέρχων·
1137 2376 1244 2444 ταὶ
1289 2376 1352 2443 δ’
1399 2378 1716 2463 ἐκφόρεον
1762 2378 1872 2444 καὶ
1917 2379 2188 2466 ἀνάγκῃ.

418 2486 624 2570 αὐτὰρ
672 2487 891 2550 ἔπειτα
934 2487 1231 2567 θρόνους
1272 2483 1699 2569 περικαλλέας
1742 2480 1861 2567 ἠδὲ
1906 2483 2217 2568 τραπέζας

416 2592 611 2656 ὕδατι
655 2587 766 2655 καὶ
812 2591 1162 2672 σπόγγοισι
1205 2592 1672 2673 πολυτρήτοισι
1716 2589 2062 2671 κάθαιρον.

419 2695 623 2778 αὐτὰρ
680 2693 1053 2778 Τηλέμαχος
1097 2691 1206 2757 καὶ
1251 2696 1574 2776 βουκόλος
1618 2689 1736 2775 ἠδὲ
1782 2694 2080 2775 συβώτης

70 2814 290 2885 αμα-ι»
312 2817 391 2858 455
420 2802 783 2881 λίστροισιν
831 2798 1121 2862 δάπεδον
1163 2798 1340 2862 πύκα
1383 2809 1682 2881 ποιητοῖο
1730 2798 1963 2880 δόμοιο

96 2924 323 3008 ²⁸³4*
419 2903 606 2993 ξρον·
654 2900 760 2967 ταὶ
807 2899 867 2967 δ’
916 2900 1196 2987 ἐφόρεον
1243 2904 1488 2991 δμωαί,
1532 2906 1808 2967 τίθεσαν
1856 2898 1930 2967 δὲ
1974 2904 2238 2985 θύραζε.
2258 2908 2569 2985 Mam

419 3010 626 3094 αὐτὰρ
673 3006 813 3074 ἐπεὶ
858 3009 941 3091 δὴ
988 3016 1121 3072 πᾶν
1166 3005 1458 3093 μέγαρον
1504 3009 2020 3091 διεκοσμήσαντο
2031 2994 2115 3091 ,⁶⁹

419 3117 461 3180 δ
462 3115 641 3204 μφὰς
688 3114 1111 3197 ἐξαγαγόντες
1158 3111 1513 3189 ἐυσταθέος
1555 3113 1871 3197 μεγάροιο

418 3221 748 3302 μεσσηγύς
792 3242 862 3283 τε
907 3222 1123 3284 θόλου
1169 3215 1278 3283 καὶ
1325 3217 1661 3302 ἀμύμονος
1706 3217 1927 3303 ἕρκεος
1972 3216 2176 3300 αὐλῆς

311 3345 392 3385 400
421 3328 634 3389 εἴλεον
682 3322 753 3389 ἐν
800 3328 1070 3406 στείνει,
1116 3323 1282 3388 ὅθεν
1327 3324 1409 3388 οὔ
1453 3344 1591 3398 πως
1634 3315 1753 3404 ἧεν
1798 3320 2046 3400 ἀλύξαι.

418 3438 590 3491 τοῖσι
637 3425 711 3492 δὲ
765 3427 1138 3513 Τηλέμαχος
1181 3425 1594 3510 πεπνυμένος
1637 3421 1783 3510 ἦρχ’
1829 3425 2199 3512 ἀγορεύειν·

508 3532 640 3613 ,,μὴ
687 3527 808 3614 μὲν
855 3533 938 3615 δὴ
984 3538 1257 3618 καθαρῷ
1303 3531 1571 3618 θανάτῳ
1620 3528 1749 3596 ἀπὸ
1793 3535 2021 3617 θυμὸν
2073 3530 2343 3618 ἑλοίμην
