<?xml version="1.0" encoding="UTF-8"?>
<!DOCTYPE html PUBLIC "-//W3C//DTD XHTML 1.0 Transitional//EN"
    "http://www.w3.org/TR/xhtml1/DTD/xhtml1-transitional.dtd">
<html xmlns="http://www.w3.org/1999/xhtml" xml:lang="en" lang="en">
 <head>
  <title>
</title>
<meta http-equiv="Content-Type" content="text/html;charset=utf-8" />
  <meta name='ocr-system' content='tesseract 3.04.00' />
  <meta name='ocr-capabilities' content='ocr_page ocr_carea ocr_par ocr_line ocrx_word'/>
</head>
<body>
  <div class='ocr_page' id='page_1' title='image "./odyssea00unkngoog_0064.png"; bbox 0 0 2650 3909; ppageno 0'>
   <div class='ocr_carea' id='block_1_1' title="bbox 409 247 1853 323">
    <p class='ocr_par' dir='ltr' id='par_1_1' title="bbox 409 247 1853 323">
     <span class='ocr_line' id='line_1_1' title="bbox 409 247 1853 323; baseline -0.001 -18"><span class='ocrx_word' id='word_1_1' title='bbox 409 253 495 317; x_wconf 85' lang='lat'><strong><em>48</em></strong></span> <span class='ocrx_word' id='word_1_2' title='bbox 973 272 1003 306; x_wconf 92' lang='grc' dir='ltr'><strong><em>ο</em></strong></span> <span class='ocrx_word' id='word_1_3' title='bbox 1043 257 1155 323; x_wconf 81' lang='lat'>(15)</span> <span class='ocrx_word' id='word_1_4' title='bbox 1197 252 1523 322; x_wconf 77' lang='grc' dir='ltr'><em>Τηλεμάχου</em></span> <span class='ocrx_word' id='word_1_5' title='bbox 1562 247 1853 315; x_wconf 76' lang='grc' dir='ltr'><strong><em>ἐπάνοδος,</em></strong></span> 
     </span>
    </p>
   </div>
   <div class='ocr_carea' id='block_1_2' title="bbox 300 412 2427 3668">
    <p class='ocr_par' dir='ltr' id='par_1_2' title="bbox 300 412 2427 3668">
     <span class='ocr_line' id='line_1_2' title="bbox 409 412 2114 498; baseline 0.001 -19"><span class='ocrx_word' id='word_1_6' title='bbox 409 414 582 479; x_wconf 80' lang='grc' dir='ltr'><strong><em>οὕτω</em></strong></span> <span class='ocrx_word' id='word_1_7' title='bbox 630 412 834 497; x_wconf 81' lang='grc' dir='ltr'><strong><em>τῆνδέ</em></strong></span> <span class='ocrx_word' id='word_1_8' title='bbox 873 437 941 478; x_wconf 88' lang='grc' dir='ltr'><strong><em>τε</em></strong></span> <span class='ocrx_word' id='word_1_9' title='bbox 986 424 1183 496; x_wconf 77' lang='grc' dir='ltr'><strong><em>γαῖαν</em></strong></span> <span class='ocrx_word' id='word_1_10' title='bbox 1229 413 1401 497; x_wconf 82' lang='grc' dir='ltr'><strong><em>ἐγών</em></strong></span> <span class='ocrx_word' id='word_1_11' title='bbox 1449 414 1597 479; x_wconf 83' lang='grc' dir='ltr'><strong><em>ἴδον</em></strong></span> <span class='ocrx_word' id='word_1_12' title='bbox 1645 413 2114 498; x_wconf 81' lang='grc' dir='ltr'><strong><em>ὀφθαλμοῖσι.“</em></strong></span> 
     </span>
     <span class='ocr_line' id='line_1_3' title="bbox 300 515 2255 608; baseline 0.001 -24"><span class='ocrx_word' id='word_1_13' title='bbox 300 536 385 576; x_wconf 75' lang='grc'><strong><em>485</em></strong></span> <span class='ocrx_word' id='word_1_14' title='bbox 498 521 617 584; x_wconf 89' lang='grc' dir='ltr'><strong><em>τὸν</em></strong></span> <span class='ocrx_word' id='word_1_15' title='bbox 663 516 722 583; x_wconf 92' lang='grc' dir='ltr'><strong><em>δ’</em></strong></span> <span class='ocrx_word' id='word_1_16' title='bbox 769 515 854 584; x_wconf 83' lang='grc' dir='ltr'><strong><em>αὖ</em></strong></span> <span class='ocrx_word' id='word_1_17' title='bbox 901 520 1230 603; x_wconf 79' lang='grc' dir='ltr'><strong><em>Διογενὴς</em></strong></span> <span class='ocrx_word' id='word_1_18' title='bbox 1258 516 1571 595; x_wconf 87' lang='grc' dir='ltr'><strong><em>Ὀδυσεὺς</em></strong></span> <span class='ocrx_word' id='word_1_19' title='bbox 1616 520 1917 602; x_wconf 82' lang='grc' dir='ltr'><strong><em>ἠμείβετο</em></strong></span> <span class='ocrx_word' id='word_1_20' title='bbox 1965 520 2187 608; x_wconf 74' lang='grc' dir='ltr'><strong><em>μύθῳ·</em></strong></span> <span class='ocrx_word' id='word_1_21' title='bbox 2248 567 2255 575; x_wconf 84' lang='lat'>-</span> 
     </span>
     <span class='ocr_line' id='line_1_4' title="bbox 503 619 2349 710; baseline 0.001 -22"><span class='ocrx_word' id='word_1_22' title='bbox 503 622 821 708; x_wconf 76' lang='grc' dir='ltr'><strong><em>,,Εὔμαι’,</em></strong></span> <span class='ocrx_word' id='word_1_23' title='bbox 865 619 906 708; x_wconf 79' lang='grc' dir='ltr'><em>ἦ</em></span> <span class='ocrx_word' id='word_1_24' title='bbox 954 625 1127 708; x_wconf 63' lang='grc' dir='ltr'><strong><em>μάλα</em></strong></span> <span class='ocrx_word' id='word_1_25' title='bbox 1174 626 1256 706; x_wconf 89' lang='grc' dir='ltr'><strong><em>δή</em></strong></span> <span class='ocrx_word' id='word_1_26' title='bbox 1303 647 1416 710; x_wconf 88' lang='grc' dir='ltr'><strong><em>μοι</em></strong></span> <span class='ocrx_word' id='word_1_27' title='bbox 1464 621 1564 688; x_wconf 84' lang='grc' dir='ltr'><strong><em>ἐνὶ</em></strong></span> <span class='ocrx_word' id='word_1_28' title='bbox 1608 623 1804 710; x_wconf 83' lang='grc' dir='ltr'><strong><em>φρεσὶ</em></strong></span> <span class='ocrx_word' id='word_1_29' title='bbox 1848 627 2074 708; x_wconf 86' lang='grc' dir='ltr'><strong><em>θυμὸν</em></strong></span> <span class='ocrx_word' id='word_1_30' title='bbox 2120 627 2349 708; x_wconf 77' lang='grc' dir='ltr'><strong><em>ὄρινας</em></strong></span> 
     </span>
     <span class='ocr_line' id='line_1_5' title="bbox 411 728 2257 817; baseline 0 -24"><span class='ocrx_word' id='word_1_31' title='bbox 411 739 614 794; x_wconf 88' lang='grc' dir='ltr'><strong><em>ταῦτα</em></strong></span> <span class='ocrx_word' id='word_1_32' title='bbox 660 729 899 794; x_wconf 79' lang='grc' dir='ltr'><strong><em>ἕκαστα</em></strong></span> <span class='ocrx_word' id='word_1_33' title='bbox 945 728 1191 812; x_wconf 78' lang='grc' dir='ltr'><strong><em>λέγων,</em></strong></span> <span class='ocrx_word' id='word_1_34' title='bbox 1236 729 1361 794; x_wconf 81' lang='grc' dir='ltr'><strong><em>ὅσα</em></strong></span> <span class='ocrx_word' id='word_1_35' title='bbox 1408 730 1491 812; x_wconf 86' lang='grc' dir='ltr'><strong><em>δὴ</em></strong></span> <span class='ocrx_word' id='word_1_36' title='bbox 1536 730 1746 805; x_wconf 87' lang='grc' dir='ltr'><strong><em>πάθες</em></strong></span> <span class='ocrx_word' id='word_1_37' title='bbox 1791 731 1992 812; x_wconf 77' lang='grc' dir='ltr'><strong><em>ἄλγεα</em></strong></span> <span class='ocrx_word' id='word_1_38' title='bbox 2036 737 2257 817; x_wconf 72' lang='grc' dir='ltr'><strong><em>θυμῷ.</em></strong></span> 
     </span>
     <span class='ocr_line' id='line_1_6' title="bbox 410 830 2204 921; baseline 0.002 -25"><span class='ocrx_word' id='word_1_39' title='bbox 410 830 553 897; x_wconf 86' lang='grc' dir='ltr'><strong><em>ἀλλ’</em></strong></span> <span class='ocrx_word' id='word_1_40' title='bbox 598 835 744 915; x_wconf 76' lang='grc' dir='ltr'><strong><em>ἤτοι</em></strong></span> <span class='ocrx_word' id='word_1_41' title='bbox 791 831 898 898; x_wconf 86' lang='grc' dir='ltr'><strong><em>σοὶ</em></strong></span> <span class='ocrx_word' id='word_1_42' title='bbox 942 830 1064 917; x_wconf 79' lang='grc' dir='ltr'><strong><em>μὲν</em></strong></span> <span class='ocrx_word' id='word_1_43' title='bbox 1108 835 1284 917; x_wconf 76' lang='grc' dir='ltr'><strong><em>παρὰ</em></strong></span> <span class='ocrx_word' id='word_1_44' title='bbox 1328 832 1438 898; x_wconf 87' lang='grc' dir='ltr'><strong><em>καὶ</em></strong></span> <span class='ocrx_word' id='word_1_45' title='bbox 1483 843 1659 921; x_wconf 72' lang='grc' dir='ltr'><strong><em>κακῷ</em></strong></span> <span class='ocrx_word' id='word_1_46' title='bbox 1711 833 1959 899; x_wconf 88' lang='grc' dir='ltr'><strong><em>ἐσθλὸν</em></strong></span> <span class='ocrx_word' id='word_1_47' title='bbox 2005 838 2204 919; x_wconf 81' lang='grc' dir='ltr'><strong><em>ἔθηκε</em></strong></span> 
     </span>
     <span class='ocr_line' id='line_1_7' title="bbox 414 935 2249 1024; baseline 0.001 -23"><span class='ocrx_word' id='word_1_48' title='bbox 414 939 609 1021; x_wconf 90' lang='grc' dir='ltr'><strong><em>Ζεύς,</em></strong></span> <span class='ocrx_word' id='word_1_49' title='bbox 657 935 796 1002; x_wconf 86' lang='grc' dir='ltr'><strong><em>ἐπεὶ</em></strong></span> <span class='ocrx_word' id='word_1_50' title='bbox 841 937 1086 1023; x_wconf 92' lang='grc' dir='ltr'><strong><em>ἀνδρὸς</em></strong></span> <span class='ocrx_word' id='word_1_51' title='bbox 1132 937 1379 1021; x_wconf 81' lang='grc' dir='ltr'><strong><em>δώματ’</em></strong></span> <span class='ocrx_word' id='word_1_52' title='bbox 1421 939 1654 1024; x_wconf 82' lang='grc' dir='ltr'><strong><em>ἀφίκεο</em></strong></span> <span class='ocrx_word' id='word_1_53' title='bbox 1700 940 1912 1004; x_wconf 78' lang='grc' dir='ltr'><strong><em>πολλὰ</em></strong></span> <span class='ocrx_word' id='word_1_54' title='bbox 1958 940 2249 1023; x_wconf 80' lang='grc' dir='ltr'><strong><em>μογήσας</em></strong></span> 
     </span>
     <span class='ocr_line' id='line_1_8' title="bbox 303 1041 2122 1129; baseline 0.004 -28"><span class='ocrx_word' id='word_1_55' title='bbox 303 1062 388 1102; x_wconf 82' lang='lat'><strong><em>490</em></strong></span> <span class='ocrx_word' id='word_1_56' title='bbox 413 1043 646 1125; x_wconf 84' lang='grc' dir='ltr'><strong><em>ἠπίου,</em></strong></span> <span class='ocrx_word' id='word_1_57' title='bbox 694 1042 766 1119; x_wconf 85' lang='grc' dir='ltr'><strong><em>ὃς</em></strong></span> <span class='ocrx_word' id='word_1_58' title='bbox 813 1044 895 1125; x_wconf 89' lang='grc' dir='ltr'><strong><em>δή</em></strong></span> <span class='ocrx_word' id='word_1_59' title='bbox 940 1066 1042 1108; x_wconf 92' lang='grc' dir='ltr'><strong><em>τοι</em></strong></span> <span class='ocrx_word' id='word_1_60' title='bbox 1086 1041 1356 1129; x_wconf 80' lang='grc' dir='ltr'><strong><em>παρέχει</em></strong></span> <span class='ocrx_word' id='word_1_61' title='bbox 1400 1047 1654 1129; x_wconf 79' lang='grc' dir='ltr'><strong><em>βρῶσίν</em></strong></span> <span class='ocrx_word' id='word_1_62' title='bbox 1698 1067 1766 1110; x_wconf 88' lang='grc' dir='ltr'><strong><em>τε</em></strong></span> <span class='ocrx_word' id='word_1_63' title='bbox 1812 1048 2009 1109; x_wconf 88' lang='grc' dir='ltr'><strong><em>πόσιν</em></strong></span> <span class='ocrx_word' id='word_1_64' title='bbox 2053 1066 2122 1108; x_wconf 87' lang='grc' dir='ltr'><strong><em>τε</em></strong></span> 
     </span>
     <span class='ocr_line' id='line_1_9' title="bbox 415 1145 2138 1235; baseline 0.002 -24"><span class='ocrx_word' id='word_1_65' title='bbox 415 1145 773 1230; x_wconf 78' lang='grc' dir='ltr'><strong><em>ἐνδυκέως,</em></strong></span> <span class='ocrx_word' id='word_1_66' title='bbox 822 1150 999 1226; x_wconf 81' lang='grc' dir='ltr'><strong><em>ζώεις</em></strong></span> <span class='ocrx_word' id='word_1_67' title='bbox 1046 1145 1104 1212; x_wconf 90' lang='grc' dir='ltr'><strong><em>δ’</em></strong></span> <span class='ocrx_word' id='word_1_68' title='bbox 1150 1149 1412 1231; x_wconf 78' lang='grc' dir='ltr'><strong><em>ἀγαθὸν</em></strong></span> <span class='ocrx_word' id='word_1_69' title='bbox 1456 1152 1635 1232; x_wconf 89' lang='grc' dir='ltr'><strong><em>βίον·</em></strong></span> <span class='ocrx_word' id='word_1_70' title='bbox 1682 1150 1889 1235; x_wconf 80' lang='grc' dir='ltr'><strong><em>αὐτὰρ</em></strong></span> <span class='ocrx_word' id='word_1_71' title='bbox 1935 1151 2138 1233; x_wconf 78' lang='grc' dir='ltr'><strong><em>ἔγωγε</em></strong></span> 
     </span>
     <span class='ocr_line' id='line_1_10' title="bbox 414 1251 2279 1338; baseline 0.003 -23"><span class='ocrx_word' id='word_1_72' title='bbox 414 1252 626 1317; x_wconf 81' lang='grc' dir='ltr'><strong><em>πολλὰ</em></strong></span> <span class='ocrx_word' id='word_1_73' title='bbox 670 1256 931 1338; x_wconf 80' lang='grc' dir='ltr'><strong><em>βροτῶν</em></strong></span> <span class='ocrx_word' id='word_1_74' title='bbox 979 1252 1086 1318; x_wconf 85' lang='grc' dir='ltr'><strong><em>ε’πὶ</em></strong></span> <span class='ocrx_word' id='word_1_75' title='bbox 1130 1251 1305 1319; x_wconf 74' lang='grc' dir='ltr'><strong><em>ἄστε’</em></strong></span> <span class='ocrx_word' id='word_1_76' title='bbox 1349 1253 1687 1338; x_wconf 82' lang='grc' dir='ltr'><strong><em>ἀλώμενος</em></strong></span> <span class='ocrx_word' id='word_1_77' title='bbox 1730 1251 1964 1320; x_wconf 83' lang='grc' dir='ltr'><strong><em>ἐνθάδ’</em></strong></span> <span class='ocrx_word' id='word_1_78' title='bbox 2014 1254 2279 1320; x_wconf 82' lang='grc' dir='ltr'><strong><em>ίκάνω.“</em></strong></span> 
     </span>
     <span class='ocr_line' id='line_1_11' title="bbox 502 1354 2162 1446; baseline 0.003 -25"><span class='ocrx_word' id='word_1_79' title='bbox 502 1356 590 1434; x_wconf 80' lang='grc' dir='ltr'><strong><em>ὣς</em></strong></span> <span class='ocrx_word' id='word_1_80' title='bbox 635 1359 706 1422; x_wconf 80' lang='grc' dir='ltr'><strong><em>οἰ</em></strong></span> <span class='ocrx_word' id='word_1_81' title='bbox 745 1354 867 1442; x_wconf 76' lang='grc' dir='ltr'><strong><em>μὲν</em></strong></span> <span class='ocrx_word' id='word_1_82' title='bbox 913 1367 1181 1425; x_wconf 84' lang='grc' dir='ltr'><strong><em>τοιαῦτα</em></strong></span> <span class='ocrx_word' id='word_1_83' title='bbox 1226 1362 1392 1446; x_wconf 87' lang='grc' dir='ltr'><strong><em>πρὸς</em></strong></span> <span class='ocrx_word' id='word_1_84' title='bbox 1439 1359 1763 1443; x_wconf 80' lang='grc' dir='ltr'><strong><em>ἀλλήλους</em></strong></span> <span class='ocrx_word' id='word_1_85' title='bbox 1806 1359 2162 1445; x_wconf 76' lang='grc' dir='ltr'><strong><em>ἀγόρευον,</em></strong></span> 
     </span>
     <span class='ocr_line' id='line_1_12' title="bbox 414 1462 2424 1551; baseline 0.001 -24"><span class='ocrx_word' id='word_1_86' title='bbox 414 1462 875 1550; x_wconf 81' lang='grc' dir='ltr'><strong><em>καδδραθέτην</em></strong></span> <span class='ocrx_word' id='word_1_87' title='bbox 914 1462 975 1529; x_wconf 89' lang='grc' dir='ltr'><strong><em>δ’</em></strong></span> <span class='ocrx_word' id='word_1_88' title='bbox 1019 1465 1100 1530; x_wconf 87' lang='grc' dir='ltr'><strong><em>οὐ</em></strong></span> <span class='ocrx_word' id='word_1_89' title='bbox 1144 1467 1396 1531; x_wconf 87' lang='grc' dir='ltr'><strong><em>πολλὸν</em></strong></span> <span class='ocrx_word' id='word_1_90' title='bbox 1441 1463 1549 1530; x_wconf 84' lang='grc' dir='ltr'><strong><em>ἐπὶ</em></strong></span> <span class='ocrx_word' id='word_1_91' title='bbox 1585 1469 1856 1551; x_wconf 90' lang='grc' dir='ltr'><strong><em>χρόνον,</em></strong></span> <span class='ocrx_word' id='word_1_92' title='bbox 1902 1465 2067 1531; x_wconf 78' lang='grc' dir='ltr'><strong><em>ἀλλὰ</em></strong></span> <span class='ocrx_word' id='word_1_93' title='bbox 2103 1468 2424 1549; x_wconf 88' lang='grc' dir='ltr'><strong><em>μίνυνθα·</em></strong></span> 
     </span>
     <span class='ocr_line' id='line_1_13' title="bbox 305 1565 2302 1657; baseline 0.004 -30"><span class='ocrx_word' id='word_1_94' title='bbox 305 1587 387 1627; x_wconf 77' lang='grc'><strong><em>495</em></strong></span> <span class='ocrx_word' id='word_1_95' title='bbox 416 1565 578 1647; x_wconf 82' lang='grc' dir='ltr'><strong><em>αἶψα</em></strong></span> <span class='ocrx_word' id='word_1_96' title='bbox 624 1570 749 1655; x_wconf 77' lang='grc' dir='ltr'><strong><em>γὰρ</em></strong></span> <span class='ocrx_word' id='word_1_97' title='bbox 789 1567 961 1647; x_wconf 82' lang='grc' dir='ltr'><strong><em>Ἠὼς</em></strong></span> <span class='ocrx_word' id='word_1_98' title='bbox 1005 1565 1216 1653; x_wconf 81' lang='grc' dir='ltr'><strong><em>ἦλθεν</em></strong></span> <span class='ocrx_word' id='word_1_99' title='bbox 1264 1570 1606 1656; x_wconf 86' lang='grc' dir='ltr'><strong><em>ἐύθρονος.</em></strong></span> <span class='ocrx_word' id='word_1_100' title='bbox 1697 1572 1771 1637; x_wconf 78' lang='grc' dir='ltr'><strong><em>οἱ</em></strong></span> <span class='ocrx_word' id='word_1_101' title='bbox 1810 1569 1870 1635; x_wconf 86' lang='grc' dir='ltr'><strong><em>δ’</em></strong></span> <span class='ocrx_word' id='word_1_102' title='bbox 1915 1569 2020 1636; x_wconf 84' lang='grc' dir='ltr'><strong><em>ἐπὶ</em></strong></span> <span class='ocrx_word' id='word_1_103' title='bbox 2064 1569 2302 1657; x_wconf 81' lang='grc' dir='ltr'><strong><em>χέρσου</em></strong></span> 
     </span>
     <span class='ocr_line' id='line_1_14' title="bbox 425 1672 2250 1759; baseline 0.001 -21"><span class='ocrx_word' id='word_1_104' title='bbox 425 1676 807 1759; x_wconf 78' lang='grc' dir='ltr'><strong><em>Τηλεμάχου</em></strong></span> <span class='ocrx_word' id='word_1_105' title='bbox 854 1674 1074 1759; x_wconf 81' lang='grc' dir='ltr'><strong><em>ἕταροι</em></strong></span> <span class='ocrx_word' id='word_1_106' title='bbox 1120 1678 1287 1742; x_wconf 89' lang='grc' dir='ltr'><strong><em>λύον</em></strong></span> <span class='ocrx_word' id='word_1_107' title='bbox 1338 1677 1543 1759; x_wconf 77' lang='grc' dir='ltr'><strong><em>ἱστία,</em></strong></span> <span class='ocrx_word' id='word_1_108' title='bbox 1584 1677 1714 1742; x_wconf 83' lang='grc' dir='ltr'><strong><em>κάδ</em></strong></span> <span class='ocrx_word' id='word_1_109' title='bbox 1761 1672 1821 1739; x_wconf 90' lang='grc' dir='ltr'><strong><em>δ’</em></strong></span> <span class='ocrx_word' id='word_1_110' title='bbox 1867 1675 2020 1741; x_wconf 79' lang='grc' dir='ltr'><strong><em>ἕλον</em></strong></span> <span class='ocrx_word' id='word_1_111' title='bbox 2067 1677 2250 1740; x_wconf 75' lang='grc' dir='ltr'><strong><em>ἱστὸν</em></strong></span> 
     </span>
     <span class='ocr_line' id='line_1_15' title="bbox 415 1776 2337 1867; baseline -0.001 -24"><span class='ocrx_word' id='word_1_112' title='bbox 415 1783 863 1865; x_wconf 83' lang='grc' dir='ltr'><strong><em>καρπαλίμως,</em></strong></span> <span class='ocrx_word' id='word_1_113' title='bbox 906 1781 1028 1864; x_wconf 82' lang='grc' dir='ltr'><strong><em>τὴν</em></strong></span> <span class='ocrx_word' id='word_1_114' title='bbox 1075 1776 1137 1845; x_wconf 89' lang='grc' dir='ltr'><strong><em>δ’</em></strong></span> <span class='ocrx_word' id='word_1_115' title='bbox 1181 1783 1277 1857; x_wconf 82' lang='grc' dir='ltr'><strong><em>εἰς</em></strong></span> <span class='ocrx_word' id='word_1_116' title='bbox 1323 1782 1533 1867; x_wconf 80' lang='grc' dir='ltr'><strong><em>ὅρμον</em></strong></span> <span class='ocrx_word' id='word_1_117' title='bbox 1576 1778 1984 1864; x_wconf 81' lang='grc' dir='ltr'><strong><em>προέρεσσαν</em></strong></span> <span class='ocrx_word' id='word_1_118' title='bbox 2031 1779 2337 1864; x_wconf 81' lang='grc' dir='ltr'><strong><em>ἐρετμοῖς.</em></strong></span> 
     </span>
     <span class='ocr_line' id='line_1_16' title="bbox 418 1880 2202 1971; baseline -0.001 -23"><span class='ocrx_word' id='word_1_119' title='bbox 418 1883 489 1948; x_wconf 87' lang='grc' dir='ltr'><strong><em>ἐκ</em></strong></span> <span class='ocrx_word' id='word_1_120' title='bbox 535 1880 595 1947; x_wconf 90' lang='grc' dir='ltr'><strong><em>δ’</em></strong></span> <span class='ocrx_word' id='word_1_121' title='bbox 641 1883 839 1960; x_wconf 81' lang='grc' dir='ltr'><strong><em>εὐνὰς</em></strong></span> <span class='ocrx_word' id='word_1_122' title='bbox 883 1886 1154 1968; x_wconf 83' lang='grc' dir='ltr'><strong><em>ἔβαλον,</em></strong></span> <span class='ocrx_word' id='word_1_123' title='bbox 1199 1886 1361 1950; x_wconf 85' lang='grc' dir='ltr'><strong><em>κατά</em></strong></span> <span class='ocrx_word' id='word_1_124' title='bbox 1409 1883 1483 1950; x_wconf 75' lang='grc' dir='ltr'><strong><em>δὲ</em></strong></span> <span class='ocrx_word' id='word_1_125' title='bbox 1528 1882 1886 1971; x_wconf 83' lang='grc' dir='ltr'><strong><em>πρυμνήσι’</em></strong></span> <span class='ocrx_word' id='word_1_126' title='bbox 1930 1885 2202 1968; x_wconf 81' lang='grc' dir='ltr'><strong><em>ἔδησαν·</em></strong></span> 
     </span>
     <span class='ocr_line' id='line_1_17' title="bbox 418 1983 2139 2076; baseline -0.001 -23"><span class='ocrx_word' id='word_1_127' title='bbox 418 1988 489 2053; x_wconf 88' lang='grc' dir='ltr'><strong><em>ἐκ</em></strong></span> <span class='ocrx_word' id='word_1_128' title='bbox 536 1983 610 2052; x_wconf 75' lang='grc' dir='ltr'><strong><em>δὲ</em></strong></span> <span class='ocrx_word' id='word_1_129' title='bbox 654 1985 765 2052; x_wconf 86' lang='grc' dir='ltr'><strong><em>καὶ</em></strong></span> <span class='ocrx_word' id='word_1_130' title='bbox 810 1987 999 2054; x_wconf 84' lang='grc' dir='ltr'><strong><em>αὐτοὶ</em></strong></span> <span class='ocrx_word' id='word_1_131' title='bbox 1043 1993 1282 2073; x_wconf 90' lang='grc' dir='ltr'><strong><em>βαῖνον</em></strong></span> <span class='ocrx_word' id='word_1_132' title='bbox 1329 1988 1436 2055; x_wconf 84' lang='grc' dir='ltr'><strong><em>ἐπὶ</em></strong></span> <span class='ocrx_word' id='word_1_133' title='bbox 1481 1989 1752 2076; x_wconf 75' lang='grc' dir='ltr'><strong><em>ῥηγμῖνι</em></strong></span> <span class='ocrx_word' id='word_1_134' title='bbox 1796 1988 2139 2073; x_wconf 79' lang='grc' dir='ltr'><strong><em>θαλάσσης</em></strong></span> 
     </span>
     <span class='ocr_line' id='line_1_18' title="bbox 311 2088 2186 2180; baseline 0.003 -26"><span class='ocrx_word' id='word_1_135' title='bbox 311 2114 391 2154; x_wconf 76' lang='lat'><strong><em>500</em></strong></span> <span class='ocrx_word' id='word_1_136' title='bbox 419 2096 690 2158; x_wconf 88' lang='grc' dir='ltr'><strong><em>δεῖπνόν</em></strong></span> <span class='ocrx_word' id='word_1_137' title='bbox 736 2091 790 2157; x_wconf 89' lang='grc' dir='ltr'><strong><em>τ’</em></strong></span> <span class='ocrx_word' id='word_1_138' title='bbox 839 2092 1193 2160; x_wconf 84' lang='grc' dir='ltr'><strong><em>ἐντύνοντο</em></strong></span> <span class='ocrx_word' id='word_1_139' title='bbox 1238 2098 1527 2180; x_wconf 78' lang='grc' dir='ltr'><strong><em>κερῶντό</em></strong></span> <span class='ocrx_word' id='word_1_140' title='bbox 1572 2117 1640 2158; x_wconf 91' lang='grc' dir='ltr'><strong><em>τε</em></strong></span> <span class='ocrx_word' id='word_1_141' title='bbox 1688 2100 1937 2159; x_wconf 75' lang='grc' dir='ltr'><strong><em>αὗθοπα</em></strong></span> <span class='ocrx_word' id='word_1_142' title='bbox 1980 2088 2186 2160; x_wconf 87' lang='grc' dir='ltr'><strong><em>οἶνον.</em></strong></span> 
     </span>
     <span class='ocr_line' id='line_1_19' title="bbox 419 2196 2102 2285; baseline 0.001 -21"><span class='ocrx_word' id='word_1_143' title='bbox 419 2198 626 2283; x_wconf 79' lang='grc' dir='ltr'><strong><em>αὐτὰρ</em></strong></span> <span class='ocrx_word' id='word_1_144' title='bbox 675 2196 815 2263; x_wconf 85' lang='grc' dir='ltr'><strong><em>ἐπεὶ</em></strong></span> <span class='ocrx_word' id='word_1_145' title='bbox 859 2202 1090 2276; x_wconf 88' lang='grc' dir='ltr'><strong><em>πόσιος</em></strong></span> <span class='ocrx_word' id='word_1_146' title='bbox 1132 2197 1242 2264; x_wconf 86' lang='grc' dir='ltr'><strong><em>καὶ</em></strong></span> <span class='ocrx_word' id='word_1_147' title='bbox 1289 2198 1563 2283; x_wconf 82' lang='grc' dir='ltr'><strong><em>ἐδητύος</em></strong></span> <span class='ocrx_word' id='word_1_148' title='bbox 1610 2198 1674 2277; x_wconf 81' lang='grc' dir='ltr'><strong><em>ἐξ</em></strong></span> <span class='ocrx_word' id='word_1_149' title='bbox 1721 2201 1876 2285; x_wconf 83' lang='grc' dir='ltr'><strong><em>ἔρον</em></strong></span> <span class='ocrx_word' id='word_1_150' title='bbox 1922 2198 2102 2282; x_wconf 79' lang='grc' dir='ltr'><strong><em>ἕντο,</em></strong></span> 
     </span>
     <span class='ocr_line' id='line_1_20' title="bbox 414 2301 2186 2391; baseline 0 -22"><span class='ocrx_word' id='word_1_151' title='bbox 414 2315 586 2370; x_wconf 83' lang='grc' dir='ltr'><strong><em>τοῖσι</em></strong></span> <span class='ocrx_word' id='word_1_152' title='bbox 636 2301 710 2369; x_wconf 73' lang='grc' dir='ltr'><strong><em>δὲ</em></strong></span> <span class='ocrx_word' id='word_1_153' title='bbox 764 2303 1137 2391; x_wconf 87' lang='grc' dir='ltr'><strong><em>Τηλέμαχος</em></strong></span> <span class='ocrx_word' id='word_1_154' title='bbox 1180 2305 1597 2390; x_wconf 81' lang='grc' dir='ltr'><strong><em>πεπνυμένος</em></strong></span> <span class='ocrx_word' id='word_1_155' title='bbox 1640 2307 1874 2391; x_wconf 74' lang='grc' dir='ltr'><strong><em>ἤρχετο</em></strong></span> <span class='ocrx_word' id='word_1_156' title='bbox 1922 2306 2186 2389; x_wconf 82' lang='grc' dir='ltr'><strong><em>μύθων·</em></strong></span> 
     </span>
     <span class='ocr_line' id='line_1_21' title="bbox 505 2408 2312 2494; baseline -0.001 -19"><span class='ocrx_word' id='word_1_157' title='bbox 505 2411 737 2494; x_wconf 63' lang='grc' dir='ltr'><strong><em>»ὑμεῖς</em></strong></span> <span class='ocrx_word' id='word_1_158' title='bbox 781 2408 903 2494; x_wconf 79' lang='grc' dir='ltr'><strong><em>μὲν</em></strong></span> <span class='ocrx_word' id='word_1_159' title='bbox 947 2421 1077 2477; x_wconf 85' lang='grc' dir='ltr'><strong><em>νῦν</em></strong></span> <span class='ocrx_word' id='word_1_160' title='bbox 1122 2412 1286 2476; x_wconf 75' lang='grc' dir='ltr'><strong><em>ἄστυ</em></strong></span> <span class='ocrx_word' id='word_1_161' title='bbox 1335 2409 1396 2476; x_wconf 87' lang='grc' dir='ltr'><strong><em>δ’</em></strong></span> <span class='ocrx_word' id='word_1_162' title='bbox 1444 2410 1747 2476; x_wconf 90' lang='grc' dir='ltr'><strong><em>ἐλαύνετε</em></strong></span> <span class='ocrx_word' id='word_1_163' title='bbox 1794 2420 1921 2493; x_wconf 82' lang='grc' dir='ltr'><strong><em>νῆα</em></strong></span> <span class='ocrx_word' id='word_1_164' title='bbox 1966 2410 2312 2494; x_wconf 83' lang='grc' dir='ltr'><strong><em>μέλαιναν,</em></strong></span> 
     </span>
     <span class='ocr_line' id='line_1_22' title="bbox 417 2512 2336 2659; baseline 0.001 -78"><span class='ocrx_word' id='word_1_165' title='bbox 417 2516 621 2603; x_wconf 82' lang='grc' dir='ltr'><strong><em>αὐτὰρ</em></strong></span> <span class='ocrx_word' id='word_1_166' title='bbox 669 2516 839 2599; x_wconf 78' lang='grc' dir='ltr'><strong><em>ἐγὼν</em></strong></span> <span class='ocrx_word' id='word_1_167' title='bbox 885 2516 1131 2603; x_wconf 81' lang='grc' dir='ltr'><strong><em>ἀγροὺς</em></strong></span> <span class='ocrx_word' id='word_1_168' title='bbox 1175 2515 1543 2613; x_wconf 59' lang='grc' dir='ltr'><strong><em>ἐπιείσομαι</em></strong></span> <span class='ocrx_word' id='word_1_169' title='bbox 1587 2512 1707 2599; x_wconf 78' lang='grc' dir='ltr'><strong><em>ἠδὲ</em></strong></span> <span class='ocrx_word' id='word_1_170' title='bbox 1751 2520 2058 2599; x_wconf 83' lang='grc' dir='ltr'><strong><em>βοτῆρας·</em></strong></span> <span class='ocrx_word' id='word_1_171' title='bbox 2155 2519 2336 2659; x_wconf 51' lang='grc' dir='ltr'><strong><em>ςδοῒι,</em></strong></span> 
     </span>
     <span class='ocr_line' id='line_1_23' title="bbox 306 2618 2073 2704; baseline -0.001 -21"><span class='ocrx_word' id='word_1_172' title='bbox 306 2642 390 2683; x_wconf 81' lang='grc'><strong><em>505</em></strong></span> <span class='ocrx_word' id='word_1_173' title='bbox 419 2619 717 2703; x_wconf 78' lang='grc' dir='ltr'><strong><em>ἑσπέριος</em></strong></span> <span class='ocrx_word' id='word_1_174' title='bbox 763 2619 824 2685; x_wconf 90' lang='grc' dir='ltr'><strong><em>δ’</em></strong></span> <span class='ocrx_word' id='word_1_175' title='bbox 866 2623 960 2695; x_wconf 83' lang='grc' dir='ltr'><strong><em>εἰς</em></strong></span> <span class='ocrx_word' id='word_1_176' title='bbox 1003 2621 1169 2683; x_wconf 72' lang='grc' dir='ltr'><strong><em>ἄστυ</em></strong></span> <span class='ocrx_word' id='word_1_177' title='bbox 1217 2620 1381 2684; x_wconf 82' lang='grc' dir='ltr'><strong><em>ἰδὼν</em></strong></span> <span class='ocrx_word' id='word_1_178' title='bbox 1429 2618 1550 2701; x_wconf 85' lang='grc' dir='ltr'><strong><em>ἐμά</em></strong></span> <span class='ocrx_word' id='word_1_179' title='bbox 1596 2622 1755 2704; x_wconf 80' lang='grc' dir='ltr'><strong><em>ἔργα</em></strong></span> <span class='ocrx_word' id='word_1_180' title='bbox 1798 2618 2073 2700; x_wconf 79' lang='grc' dir='ltr'><strong><em>κάτειμι.</em></strong></span> 
     </span>
     <span class='ocr_line' id='line_1_24' title="bbox 414 2721 2105 2807; baseline -0.002 -19"><span class='ocrx_word' id='word_1_181' title='bbox 414 2725 639 2807; x_wconf 80' lang='grc' dir='ltr'><strong><em>ἠῶθεν</em></strong></span> <span class='ocrx_word' id='word_1_182' title='bbox 687 2721 767 2787; x_wconf 89' lang='grc' dir='ltr'><strong><em>δέ</em></strong></span> <span class='ocrx_word' id='word_1_183' title='bbox 805 2744 920 2786; x_wconf 91' lang='grc' dir='ltr'><strong><em>κεν</em></strong></span> <span class='ocrx_word' id='word_1_184' title='bbox 965 2723 1174 2805; x_wconf 76' lang='grc' dir='ltr'><strong><em>ὔμμιν</em></strong></span> <span class='ocrx_word' id='word_1_185' title='bbox 1221 2723 1607 2804; x_wconf 86' lang='grc' dir='ltr'><strong><em>ὁδοιπόριον</em></strong></span> <span class='ocrx_word' id='word_1_186' title='bbox 1652 2723 2105 2804; x_wconf 81' lang='grc' dir='ltr'><strong><em>παραθείμην,</em></strong></span> 
     </span>
     <span class='ocr_line' id='line_1_25' title="bbox 416 2823 2150 2912; baseline -0.001 -21"><span class='ocrx_word' id='word_1_187' title='bbox 416 2823 582 2892; x_wconf 85' lang='grc' dir='ltr'><strong><em>δαῖτ’</em></strong></span> <span class='ocrx_word' id='word_1_188' title='bbox 628 2826 892 2910; x_wconf 78' lang='grc' dir='ltr'><strong><em>ἀγαθὴν</em></strong></span> <span class='ocrx_word' id='word_1_189' title='bbox 936 2836 1177 2912; x_wconf 84' lang='grc' dir='ltr'><strong><em>κρειῶν</em></strong></span> <span class='ocrx_word' id='word_1_190' title='bbox 1222 2847 1291 2890; x_wconf 89' lang='grc' dir='ltr'><strong><em>τε</em></strong></span> <span class='ocrx_word' id='word_1_191' title='bbox 1337 2823 1446 2891; x_wconf 87' lang='grc' dir='ltr'><strong><em>καὶ</em></strong></span> <span class='ocrx_word' id='word_1_192' title='bbox 1492 2832 1683 2891; x_wconf 77' lang='grc' dir='ltr'><strong><em>οἴνου</em></strong></span> <span class='ocrx_word' id='word_1_193' title='bbox 1727 2825 2150 2907; x_wconf 78' lang='grc' dir='ltr'><strong><em>ἡδυπότοιο.“</em></strong></span> 
     </span>
     <span class='ocr_line' id='line_1_26' title="bbox 502 2925 2194 3015; baseline -0.001 -18"><span class='ocrx_word' id='word_1_194' title='bbox 502 2934 620 2997; x_wconf 89' lang='grc' dir='ltr'><strong><em>τὸν</em></strong></span> <span class='ocrx_word' id='word_1_195' title='bbox 666 2928 725 2996; x_wconf 92' lang='grc' dir='ltr'><strong><em>δ’</em></strong></span> <span class='ocrx_word' id='word_1_196' title='bbox 773 2925 926 2996; x_wconf 85' lang='grc' dir='ltr'><strong><em>αὖτε</em></strong></span> <span class='ocrx_word' id='word_1_197' title='bbox 972 2928 1317 3015; x_wconf 83' lang='grc' dir='ltr'><strong><em>προσέειπε</em></strong></span> <span class='ocrx_word' id='word_1_198' title='bbox 1365 2931 1818 3014; x_wconf 81' lang='grc' dir='ltr'><strong><em>Θεοκλύμενος</em></strong></span> <span class='ocrx_word' id='word_1_199' title='bbox 1861 2932 2194 3014; x_wconf 80' lang='grc' dir='ltr'><strong><em>θεοειδής·</em></strong></span> 
     </span>
     <span class='ocr_line' id='line_1_27' title="bbox 506 3034 2427 3123; baseline 0.001 -23"><span class='ocrx_word' id='word_1_200' title='bbox 506 3045 637 3123; x_wconf 58' lang='lat' dir='ltr'><strong><em>„affy</em></strong></span> <span class='ocrx_word' id='word_1_201' title='bbox 683 3038 809 3122; x_wconf 76' lang='grc' dir='ltr'><strong><em>γὰρ</em></strong></span> <span class='ocrx_word' id='word_1_202' title='bbox 856 3035 1017 3120; x_wconf 76' lang='grc' dir='ltr'><strong><em>ἐγώ,</em></strong></span> <span class='ocrx_word' id='word_1_203' title='bbox 1061 3039 1214 3121; x_wconf 84' lang='grc' dir='ltr'><strong><em>φίλε</em></strong></span> <span class='ocrx_word' id='word_1_204' title='bbox 1259 3035 1526 3120; x_wconf 83' lang='grc' dir='ltr'><strong><em>τέκνον,</em></strong></span> <span class='ocrx_word' id='word_1_205' title='bbox 1574 3042 1683 3116; x_wconf 80' lang='grc' dir='ltr'><strong><em>ἴω;</em></strong></span> <span class='ocrx_word' id='word_1_206' title='bbox 1728 3045 1842 3102; x_wconf 81' lang='grc' dir='ltr'><strong><em>τεῦ</em></strong></span> <span class='ocrx_word' id='word_1_207' title='bbox 1888 3034 2145 3121; x_wconf 80' lang='grc' dir='ltr'><strong><em>δώμαθ’</em></strong></span> <span class='ocrx_word' id='word_1_208' title='bbox 2187 3039 2427 3122; x_wconf 81' lang='grc' dir='ltr'><strong><em>ἵκωμαι</em></strong></span> 
     </span>
     <span class='ocr_line' id='line_1_28' title="bbox 306 3139 2218 3229; baseline 0.002 -24"><span class='ocrx_word' id='word_1_209' title='bbox 306 3164 391 3205; x_wconf 78' lang='lat'><strong><em>510</em></strong></span> <span class='ocrx_word' id='word_1_210' title='bbox 419 3141 717 3229; x_wconf 82' lang='grc' dir='ltr'><strong><em>ἀνδρῶν,</em></strong></span> <span class='ocrx_word' id='word_1_211' title='bbox 763 3145 833 3207; x_wconf 80' lang='grc' dir='ltr'><strong><em>οἳ</em></strong></span> <span class='ocrx_word' id='word_1_212' title='bbox 871 3144 1179 3227; x_wconf 51' lang='grc' dir='ltr'><strong><em>κραναὴν,</em></strong></span> <span class='ocrx_word' id='word_1_213' title='bbox 1206 3139 1476 3226; x_wconf 87' lang='grc' dir='ltr'><strong><em>Ἰθάκην</em></strong></span> <span class='ocrx_word' id='word_1_214' title='bbox 1518 3142 1684 3207; x_wconf 90' lang='grc' dir='ltr'><strong><em>κάτα</em></strong></span> <span class='ocrx_word' id='word_1_215' title='bbox 1727 3139 2218 3224; x_wconf 86' lang='grc' dir='ltr'><strong><em>κοιρανεόυσιν;</em></strong></span> 
     </span>
     <span class='ocr_line' id='line_1_29' title="bbox 414 3243 1940 3334; baseline 0 -22"><span class='ocrx_word' id='word_1_216' title='bbox 414 3243 456 3331; x_wconf 81' lang='grc' dir='ltr'><em>ἦ</em></span> <span class='ocrx_word' id='word_1_217' title='bbox 506 3250 660 3323; x_wconf 80' lang='grc' dir='ltr'><strong><em>ἰθὺς</em></strong></span> <span class='ocrx_word' id='word_1_218' title='bbox 706 3256 823 3332; x_wconf 81' lang='grc' dir='ltr'><strong><em>σῆς</em></strong></span> <span class='ocrx_word' id='word_1_219' title='bbox 869 3251 1111 3334; x_wconf 85' lang='grc' dir='ltr'><strong><em>μητρὸς</em></strong></span> <span class='ocrx_word' id='word_1_220' title='bbox 1157 3254 1235 3313; x_wconf 79' lang='grc' dir='ltr'><strong><em>ἴω</em></strong></span> <span class='ocrx_word' id='word_1_221' title='bbox 1282 3246 1392 3313; x_wconf 84' lang='grc' dir='ltr'><strong><em>καὶ</em></strong></span> <span class='ocrx_word' id='word_1_222' title='bbox 1437 3259 1583 3313; x_wconf 87' lang='grc' dir='ltr'><strong><em>σοῖο</em></strong></span> <span class='ocrx_word' id='word_1_223' title='bbox 1632 3248 1865 3331; x_wconf 89' lang='grc' dir='ltr'><strong><em>δόμοιο</em></strong></span> <span class='ocrx_word' id='word_1_224' title='bbox 1877 3246 1940 3325; x_wconf 85' lang='lat'><strong><em>;“</em></strong></span> 
     </span>
     <span class='ocr_line' id='line_1_30' title="bbox 504 3349 2260 3439; baseline -0.001 -21"><span class='ocrx_word' id='word_1_225' title='bbox 504 3355 622 3418; x_wconf 91' lang='grc' dir='ltr'><strong><em>τὸν</em></strong></span> <span class='ocrx_word' id='word_1_226' title='bbox 668 3350 730 3418; x_wconf 85' lang='grc' dir='ltr'><strong><em>δ’</em></strong></span> <span class='ocrx_word' id='word_1_227' title='bbox 774 3349 859 3419; x_wconf 84' lang='grc' dir='ltr'><strong><em>αὖ</em></strong></span> <span class='ocrx_word' id='word_1_228' title='bbox 914 3352 1288 3439; x_wconf 83' lang='grc' dir='ltr'><strong><em>Τηλέμαχος</em></strong></span> <span class='ocrx_word' id='word_1_229' title='bbox 1333 3351 1747 3436; x_wconf 87' lang='grc' dir='ltr'><strong><em>πεπνυμένος</em></strong></span> <span class='ocrx_word' id='word_1_230' title='bbox 1790 3350 2020 3417; x_wconf 83' lang='grc' dir='ltr'><strong><em>ἀντίον</em></strong></span> <span class='ocrx_word' id='word_1_231' title='bbox 2064 3351 2260 3434; x_wconf 78' lang='grc' dir='ltr'><strong><em>ηὔδα·</em></strong></span> 
     </span>
     <span class='ocr_line' id='line_1_31' title="bbox 507 3453 2427 3544; baseline 0.001 -23"><span class='ocrx_word' id='word_1_232' title='bbox 507 3459 765 3540; x_wconf 54' lang='grc' dir='ltr'><strong><em>,ἄλλως</em></strong></span> <span class='ocrx_word' id='word_1_233' title='bbox 809 3457 930 3541; x_wconf 87' lang='grc' dir='ltr'><strong><em>μέν</em></strong></span> <span class='ocrx_word' id='word_1_234' title='bbox 974 3457 1038 3523; x_wconf 89' lang='grc' dir='ltr'><strong><em>σ’</em></strong></span> <span class='ocrx_word' id='word_1_235' title='bbox 1084 3458 1168 3525; x_wconf 82' lang='grc' dir='ltr'><strong><em>ἂν</em></strong></span> <span class='ocrx_word' id='word_1_236' title='bbox 1213 3461 1421 3542; x_wconf 76' lang='grc' dir='ltr'><strong><em>ἔγωγε</em></strong></span> <span class='ocrx_word' id='word_1_237' title='bbox 1465 3455 1575 3522; x_wconf 86' lang='grc' dir='ltr'><strong><em>καὶ</em></strong></span> <span class='ocrx_word' id='word_1_238' title='bbox 1631 3456 1949 3544; x_wconf 82' lang='grc' dir='ltr'><strong><em>ἡμέτερον</em></strong></span> <span class='ocrx_word' id='word_1_239' title='bbox 1996 3453 2071 3522; x_wconf 78' lang='grc' dir='ltr'><strong><em>δὲ</em></strong></span> <span class='ocrx_word' id='word_1_240' title='bbox 2112 3461 2427 3542; x_wconf 88' lang='grc' dir='ltr'><strong><em>κελοίμην</em></strong></span> 
     </span>
     <span class='ocr_line' id='line_1_32' title="bbox 417 3559 2247 3668; baseline 0.002 -43"><span class='ocrx_word' id='word_1_241' title='bbox 417 3559 714 3647; x_wconf 81' lang='grc' dir='ltr'><strong><em>ἔρχεσθ’·</em></strong></span> <span class='ocrx_word' id='word_1_242' title='bbox 762 3562 844 3626; x_wconf 85' lang='grc' dir='ltr'><strong><em>οὐ</em></strong></span> <span class='ocrx_word' id='word_1_243' title='bbox 890 3564 1016 3648; x_wconf 82' lang='grc' dir='ltr'><strong><em>γάρ</em></strong></span> <span class='ocrx_word' id='word_1_244' title='bbox 1061 3587 1124 3628; x_wconf 89' lang='grc' dir='ltr'><strong><em>τι</em></strong></span> <span class='ocrx_word' id='word_1_245' title='bbox 1170 3563 1406 3668; x_wconf 51' lang='grc' dir='ltr'><strong><em>ξεζ-ίων</em></strong></span> <span class='ocrx_word' id='word_1_246' title='bbox 1451 3564 1658 3646; x_wconf 81' lang='grc' dir='ltr'><strong><em>ποθή·</em></strong></span> <span class='ocrx_word' id='word_1_247' title='bbox 1706 3563 1874 3629; x_wconf 78' lang='grc' dir='ltr'><strong><em>ἀλλὰ</em></strong></span> <span class='ocrx_word' id='word_1_248' title='bbox 1922 3560 2029 3628; x_wconf 86' lang='grc' dir='ltr'><strong><em>σοὶ</em></strong></span> <span class='ocrx_word' id='word_1_249' title='bbox 2073 3561 2247 3650; x_wconf 75' lang='grc' dir='ltr'><strong><em>αὐτῷ</em></strong></span> 
     </span>
    </p>
   </div>
  </div>
 </body>
</html>
