2650 3909
376 220 507 283 144
1071 242 1115 291 φ
1154 224 1266 290 (21)
1302 220 1468 287 τόξου
1504 220 1680 285 θέσις.

373 381 448 445 αἳ
487 382 613 467 γὰρ
657 381 927 447 πάντων
974 384 1246 465 τόσσον,
1292 382 1440 448 ὅσοι
1484 384 1646 448 κατὰ
1694 381 1938 466 δώματ’
1984 384 2159 465 ἔασι,

373 488 767 571 μνηστήρων
812 490 1038 572 χερσίν
1084 511 1153 552 τε
1197 491 1401 573 βίηφί
1438 512 1507 553 τε
1552 488 1866 574 φέρτερος
1908 494 2078 572 εἴην·

374 602 462 655 τῶ
506 614 579 656 κε
624 592 787 676 τάχα
835 604 1167 678 στυγερῶς
1210 590 1334 659 τιν’
1381 592 1510 676 ἐγὼ
1555 590 1880 677 πέμψαιμι
1924 590 2195 658 νέεσθαι

266 718 346 757 375
372 694 691 782 ἡμετέρου
740 696 806 774 ἐξ
854 704 1075 781 οἴκου,
1122 697 1262 763 ἐπεὶ
1306 699 1474 763 κακὰ
1519 697 2039 783 μηχανόωνται.“

462 819 552 896 ὣς
594 818 822 904 ἔφαθ’,
867 822 940 886 oc
978 817 1043 885 δ’
1090 823 1217 906 ἄρα
1260 821 1500 897 πάντες
1537 817 1636 885 ἐπ’
1682 821 1858 908 αὐτῷ
1896 820 2026 904 ἡδὺ
2063 818 2394 903 γέλασσαν

373 934 767 1009 μνηστῆρες,
812 924 923 990 καὶ
971 927 1054 1010 δὴ
1101 923 1339 1010 μέθιεν
1384 931 1695 1010 χαλεποῖο
1740 928 1965 1010 χόλοιο

383 1030 762 1116 Τηλεμάχῳ·
808 1031 887 1094 τά
935 1027 1010 1095 δὲ
1052 1028 1208 1108 τόξα
1252 1029 1482 1116 φέρων
1526 1029 1653 1095 ἀνὰ
1699 1031 1887 1114 δῶμα
1933 1032 2232 1114 συβώτης

375 1131 447 1197 ἐν
492 1128 770 1220 χείρεσσ’
816 1132 1081 1217 Ὀδυσῆι
1129 1136 1445 1220 δαΐφρονι
1488 1142 1656 1219 θῆκε
1700 1135 2049 1220 παραστάς.

267 1259 350 1299 aso
376 1237 447 1302 ἐκ
494 1234 568 1302 δὲ
610 1239 1096 1323 καλεσσάμενος
1139 1239 1440 1327 προσέφη
1462 1242 1739 1325 -τροφὸν
1785 1241 2226 1326 Εὐρύκλειαν·

463 1360 889 1448 ,,Τηλε’μαχος
931 1362 1195 1429 κέλεταί
1236 1380 1343 1447 σε,
1387 1368 1731 1451 περίφρων
1775 1365 2180 1449 Εὐρύκλεια,

374 1469 677 1550 κληίσσαι
722 1469 1037 1555 μεγάροιο
1081 1470 1301 1554 θύρας
1343 1481 1636 1545 πυκινῶς
1679 1469 2024 1555 ἀραρυίας·

374 1571 458 1654 ἢν
505 1570 585 1637 δέ
623 1595 722 1649 τις
763 1572 806 1657 ἢ
854 1584 1172 1659 στοναχῆς
1216 1570 1294 1656 ἠὲ
1340 1574 1593 1639 κτύπου
1640 1576 1840 1641 ἔνδον
1884 1573 2135 1660 ἀκούσῃ

376 1676 642 1762 ἀνδρῶν
686 1677 1100 1763 ἡμετέροισιν
1145 1678 1219 1743 ἐν
1265 1678 1517 1762 ἕρκεσι,
1563 1681 1652 1761 μή
1698 1702 1761 1743 τι
1804 1679 2052 1761 θύραζε

269 1802 350 1842 385
375 1783 860 1866 προβλώσκειν,
905 1780 1050 1848 ἀλλ’
1096 1782 1302 1848 αὐτοῦ
1349 1783 1518 1865 ἀκὴν
1563 1785 1788 1864 ἔμεναι
1831 1783 2008 1866 παρὰ
2052 1784 2287 1869 ἔργῳ.“

465 1903 553 1980 ὣς
595 1901 700 1987 ἄρ’
746 1903 1117 1989 ἐφώνησεν,
1163 1913 1240 1988 τῇ
1289 1902 1351 1968 δ’
1396 1905 1672 1989 ἄπτερος
1718 1907 1947 1969 ἔπλετο
1994 1909 2243 1988 μῦθος,

375 2009 685 2090 κλήισσεν
730 2005 807 2073 δὲ
850 2010 1067 2093 θύρας
1111 2008 1419 2093 μεγάρων
1465 2007 2002 2075 εὐναιεταόντων.

466 2139 615 2215 σιγῇ
663 2128 725 2196 δ’
770 2128 835 2208 ἐξ
884 2135 1094 2196 οἴκοιο
1145 2134 1483 2206 Φιλοίτιος
1528 2124 1685 2195 ἆλτο
1729 2130 2011 2215 θύραζε,

375 2237 686 2318 κλήισσεν
733 2233 794 2301 δ’
839 2231 943 2321 ἄρ’
990 2237 1210 2300 ἔπειτα
1254 2235 1473 2319 θύρας
1517 2233 1818 2321 εὐερκέος
1861 2235 2084 2320 αὐλῆς.

92 2336 350 2404 mxl-,390
376 2352 551 2407 κεῖτο
598 2334 659 2403 δ’
702 2337 813 2404 ὑπ’
859 2341 1149 2425 αἰθούσῃ
1196 2339 1407 2428 ὅπλον
1452 2341 1602 2416 νεὸς
1647 2337 2081 2426 ἀμφιελίσσης

377 2448 732 2531 βύβλινον,
777 2439 830 2534 ᾧ
878 2441 938 2532 ῥ’
986 2444 1259 2529 ἐπέδησε
1303 2446 1555 2529 θύρας,
1600 2443 1666 2521 ἐς
1713 2441 1771 2509 δ’
1817 2447 1963 2529 ἤιεν
2010 2448 2224 2525 αὐτός.

377 2548 530 2631 ἕζετ’
577 2548 769 2616 ἔπειτ’
816 2549 923 2616 ἐπὶ
969 2552 1214 2637 δίφρον
1261 2551 1383 2615 ἰὼν
1431 2547 1632 2616 ἔνθέν
1677 2571 1799 2632 περ
1846 2549 2084 2636 ἀνέστη
2100 2601 2119 2635 ,

378 2659 699 2742 εἰσορόων
738 2652 1039 2739 Ὀδυσῆα.
1131 2655 1167 2720 ὁ
1216 2652 1276 2720 δ’
1322 2656 1453 2738 ἤδη
1501 2655 1696 2733 τόξον
1742 2654 1961 2738 ἐνώμα

377 2763 587 2847 πάντῃ
633 2760 1118 2844 ἀναστρωφῶν,
1161 2761 1569 2844 πειρώμενος
1615 2761 1783 2824 ἔνθα
1827 2757 1936 2824 καὶ
1981 2761 2182 2844 ἔνθα,

31 2888 250 2941 *xz-xm
272 2887 352 2929 395
378 2868 466 2951 μὴ
512 2864 669 2951 κέρα
709 2861 857 2956 ,ζα-τες
902 2866 1118 2930 ἔδοιεν
1163 2862 1634 2950 ἀποιχομένοιο
1679 2865 1975 2941 ἄνακτος.

380 2968 507 3038 ὧδε
556 2969 636 3036 δέ
673 2995 773 3048 τις
815 2977 1116 3037 εἴπεσκεν
1165 2972 1334 3036 ἰδὼν
1382 2969 1449 3047 ἐς
1490 2973 1775 3054 πλησίον
1822 2971 2051 3036 ἄλλον·

21 3098 142 3182 {ssv-
163 3104 218 3161 <²5
468 3089 552 3180 ,,ἦ
598 3120 697 3173 τις
738 3094 999 3179 θηητὴρ
1045 3092 1152 3159 καὶ
1204 3092 1554 3192 ἐπίκλοπος
1599 3096 1826 3159 ἔπλετο
1872 3093 2108 3171 τόξων·
2141 3112 2469 3201 lxxv-twa,-

377 3204 420 3284 ἤ
467 3200 552 3286 ῥά
594 3201 683 3265 νύ
725 3221 857 3265 που
902 3210 1175 3266 τοιαῦτα
1219 3198 1329 3264 καὶ
1377 3199 1554 3287 αὐτῷ
1604 3204 1829 3265 οἴκοθι
1873 3209 2113 3281 κεῖται,

378 3304 419 3388 ἢ
466 3304 503 3369 ὅ
548 3302 607 3387 γ’
656 3304 1018 3389 ἐφορμᾶται
1062 3302 1454 3389 ποιησέμεν,
1500 3305 1591 3381 ὡς
1636 3302 1736 3369 ἐνὶ
1780 3301 1966 3388 χερσὶ

269 3431 353 3471 400
378 3418 568 3501 νωμᾷ
615 3413 784 3491 ἔνθα
829 3408 940 3475 καὶ
984 3412 1154 3475 ἔνθα
1197 3421 1420 3475 κακῶν
1465 3412 1739 3493 ἔμπαιος
1783 3407 2086 3494 ἀλήτης.“
2135 3428 2207 3475 oe
2222 3377 2377 3469 καί)

468 3531 667 3607 ἄλλος
713 3530 773 3597 δ’
820 3527 963 3598 αὖτ’
1008 3538 1263 3598 εἴπεσκε
1309 3531 1484 3598 νέων
1528 3531 2143 3619 ὑπερηνορεόντων·
