2650 3909
485 192 546 261 ψ’
571 193 683 260 (23)
715 190 1019 255 Ὀδυσσέως
1054 191 1164 246 ὑπὸ
1201 189 1536 261 Πηνελόπης
1571 192 2005 263 ἀναγνωρισμός.
2120 192 2244 256 171

239 360 413 435 σῆμα
459 350 541 416 δέ
580 376 693 435 μοι
737 348 876 417 τόδ’
923 353 1139 417 ἔειπεν
1185 350 1573 438 ἀριφραδές,
1620 350 1786 417 οὐδέ
1825 370 1897 417 σε
1942 354 2185 418 κεύσω·

239 456 480 522 ὁππότε
525 479 640 522 κεν
688 459 771 540 δή
817 481 930 541 μοι
976 457 1428 541 ξυμβλήμενος
1472 458 1670 534 ἄλλος
1715 458 1939 540 ὁδίτης

131 580 210 621 276
238 562 376 645 φήῃ
420 561 876 647 ἀθηρηλοιγὸν
922 564 1095 647 ἔχειν
1139 562 1266 626 ἀνὰ
1311 564 1606 650 φαιδίμῳ
1654 563 1840 651 ὤμῳ,
1860 578 2251 668 urm-„Q
2273 612 2300 624 -
2323 569 2470 703 bu„

158 728 161 732 .
239 664 349 729 καὶ
392 669 538 731 τότε
583 649 653 751 J
697 666 770 732 ἐν
815 670 969 753 γαίῃ
1015 664 1282 751 πήξαντ’
1331 664 1672 732 ἐκέλευσεν
1719 665 2024 753 ἐρετμόν,

238 768 501 864 ἔρξανθ’
552 772 695 857 ἱερὰ
739 772 907 837 καλὰ
953 771 1375 837 Ποσειδάωνι
1420 772 1683 853 ἄνακτι,
1796 783 2008 842 Imm«

239 859 506 961 ἀρνειὸν
549 879 799 963 ταῦρόν
842 898 911 941 τε
958 887 1141 941 συῶν
1187 872 1242 940 τ’
1289 874 1644 962 ἐπιβήτορα
1689 877 1943 962 κάπρον
1958 925 1976 959 ,

240 961 445 1046 W
492 981 936 1066 ἀποστείχειν,
981 979 1202 1066 ἕρδειν
1247 979 1318 1045 θ’
1368 981 1544 1066 ἱερὰς
1589 978 1949 1066 ἑκατόμβας

134 1105 213 1144 280
240 1084 634 1151 ἀθανάτοισι
678 1092 933 1168 θεοῖσι,
978 1082 1081 1150 τοὶ
1128 1084 1421 1170 οὐρανὸν
1467 1085 1672 1169 εὐρὺν
1718 1089 1973 1171 ἔχουσι,

236 1199 397 1255 πᾶσι
442 1188 597 1273 μάλ’
641 1188 863 1273 ἑξείης.
952 1190 1243 1264 θάνατος
1289 1188 1369 1254 δέ
1409 1214 1521 1273 μοι
1569 1190 1634 1268 ἐξ
1683 1189 1838 1267 ἁλὸς
1883 1190 2059 1276 αὐτῷ

238 1294 565 1384 ἀβληχρὸς
609 1295 784 1378 μάλα
826 1305 1006 1369 τοῖος
1050 1293 1415 1377 ἐλεύσεται,
1460 1295 1533 1370 ὅς
1575 1292 1656 1359 κέ
1694 1318 1772 1379 με
1817 1292 2034 1380 πέφνῃ
2231 1286 2450 1391 ψαλι,

238 1400 409 1484 γήρᾳ
453 1398 583 1463 ὕπο
630 1403 883 1487 λιπαρῷ
934 1394 1292 1483 ἀρημένον·
1342 1395 1510 1482 ἀμφὶ
1558 1394 1632 1462 δὲ
1677 1397 1824 1464 λαοὶ

240 1506 456 1588 ὄλβιοι
501 1505 824 1568 ἔσσονται.
913 1502 993 1566 τὰ
1041 1499 1120 1565 δέ
1158 1525 1272 1586 μοι
1316 1502 1488 1586 φάτο
1533 1503 1745 1568 πάντα
1788 1504 2184 1571 τελετσθαι.“

133 1627 211 1668 285
328 1611 445 1674 τὸν
492 1606 552 1672 δ’
599 1602 756 1673 αὖτε
799 1604 1147 1692 προσέειπε
1192 1611 1537 1691 περίφρων
1582 1611 2025 1692 Πηνελόπεια·

326 1714 432 1797 ,,εί
473 1709 594 1798 μὲν
641 1713 725 1796 δὴ
771 1712 975 1796 γῆράς
1018 1735 1092 1794 γε
1137 1709 1288 1777 θεοὶ
1333 1710 1670 1778 τελέουσιν
1716 1714 1972 1797 ἄρειον,

238 1818 497 1904 ἐλπωρή
542 1841 646 1884 τοι
692 1820 911 1882 ἔπειτα
957 1828 1177 1882 κακῶν
1220 1816 1546 1894 ὑπάλυξιν
1593 1817 1925 1882 ἔσεσθαι.“

327 1924 415 2000 ὣς
459 1924 529 1989 οἰ
568 1920 690 2006 μὲν
735 1932 1006 1988 τοιαῦτα
1049 1924 1213 2007 πρὸς
1256 1920 1584 2006 ἀλλήλους
1627 1921 1981 2007 ἀγόρευον·

236 2032 448 2114 τόφρα
495 2025 555 2092 δ’
601 2024 706 2114 ἄρ’
752 2027 1110 2111 Εὐρυνόμη
1157 2050 1225 2091 τε
1273 2023 1375 2091 ἰδὲ
1418 2030 1662 2112 τροφὸς
1706 2030 1941 2093 ἔντυον
1987 2030 2192 2113 εὐνὴν

132 2152 211 2192 290
239 2134 518 2218 ἐσθῆτος
562 2135 882 2215 μαλακῆς,
928 2133 1182 2197 δαΐδων
1224 2132 1356 2197 ὕπο
1403 2134 1902 2215 λαμπομενάων.
2077 2127 2408 2223 (annual)

237 2238 444 2322 αὐτὰρ
491 2235 630 2301 ἐπεὶ
679 2239 998 2320 στόρεσαν
1043 2237 1326 2300 πυκινὸν
1374 2234 1561 2321 λέχος
1606 2227 2359 2356 ἐγκρχέουσαιΛ-ὝῘ
2398 2241 2575 2328 Q

236 2342 443 2427 γρηῢς
487 2338 608 2427 μὲν
653 2345 922 2408 κείουσα
967 2340 1167 2406 πάλιν
1213 2335 1521 2427 οἷκον-,δὲ
1565 2344 1861 2425 βεβήκει,
1907 2346 2028 2408 ⁸.»ss
2063 2348 2150 2406 212
2175 2345 2349 2406 kam
2393 2335 2545 2418 (ΑΗ)

235 2460 450 2514 τοῖσιν
498 2445 557 2511 δ’
604 2445 963 2531 Εὐρυνόμη
1010 2448 1482 2528 θαλαμηπόλος
1525 2444 1929 2531 ἡγεμόνευεν

238 2551 651 2639 ἐρχομένοισι
696 2549 882 2635 λέχος
926 2548 1032 2633 δέ,
1077 2550 1236 2626 δάος
1279 2551 1439 2635 μετὰ
1483 2549 1711 2636 χερσὶν
1758 2554 2023 2637 ἔχουσα·

131 2677 209 2716 29⁵
238 2658 303 2735 ἐς
345 2659 652 2741 θάλαμον
700 2655 762 2721 δ’
803 2656 1141 2738 ἀγαγοῦσα
1185 2655 1385 2720 πάλιν
1429 2661 1588 2722 κίεν.
1680 2658 1752 2723 οἱ
1790 2653 1913 2742 μὲν
1957 2659 2174 2724 ἔπειτα

235 2760 544 2827 ἀσπάσιοι
590 2759 885 2845 λέκτροιο
930 2764 1217 2825 παλαιοῦ
1260 2763 1520 2864 θῖσμὸν
1563 2761 1815 2827 ἵκοντο·
1934 2753 2154 2841 μμ»
2182 2737 2320 2847 (ἦῆ)

236 2970 442 3056 αὐτὰρ
498 2968 869 3054 Τηλέμαχος
912 2968 1021 3034 καὶ
1066 2973 1390 3053 βουκόλος
1433 2967 1552 3053 ἠδὲ
1599 2972 1894 3055 συβώτης

235 3084 497 3141 παῦσαν
541 3071 643 3160 ἄρ’
690 3074 1057 3159 ὀρχηθμοῖο
1101 3075 1340 3158 πόδας,
1385 3085 1646 3140 παῦσαν
1692 3072 1767 3139 δὲ
1810 3088 2155 3160 γυναῖκας,

237 3179 426 3247 αὐτοὶ
474 3177 535 3245 δ’
579 3179 931 3258 εὐνάζοντο
976 3180 1138 3243 κατὰ
1183 3177 1435 3264 μέγαρα
1481 3182 1799 3245 σκιόεντα.

130 3308 209 3347 800
324 3287 414 3350 τὼ
462 3283 523 3350 δ’
570 3283 708 3350 ἐπεὶ
754 3279 877 3351 οὖν
922 3286 1272 3368 φιλότητος
1319 3283 1684 3371 ἐταρπήτην
1731 3284 2093 3372 ἐρατεινῆς,

235 3389 606 3475 τερπέσθην
650 3391 959 3473 μύθοισι,
1002 3391 1167 3476 πρὸς
1210 3389 1536 3472 ἀλλήλους
1582 3388 1917 3476 ἐνέποντε,

233 3495 274 3578 ἡ
323 3490 445 3578 μὲν
489 3491 588 3558 ὅσ’
641 3493 714 3560 ἐν
758 3496 1142 3581 μεγάροισιν
1189 3494 1499 3581 ἀνέσχετο
1547 3498 1656 3561 δῖα
1701 3509 2065 3581 γυναικῶν,
