2650 3909
338 227 459 291 148
992 248 1026 298 χ
1063 231 1173 298 (22)
1211 233 1685 299 μνηστηροφονία.

332 390 560 472 ἰανθῇ·
605 386 763 472 πρὶν
810 383 872 453 δ’
916 389 997 454 οὔ
1042 412 1105 453 τι
1148 391 1549 474 νεμεσσητὸν
1595 390 2071 475 κεχολῶσθαι.“

251 514 303 555 σο
418 494 534 557 τὸν
564 491 624 557 δ’
646 490 751 578 ἄρ’
776 493 1035 577 ὑπόδρα
1064 496 1227 560 ἰδὼν
1254 494 1554 580 προσέφη
1583 495 1944 577 πολύμητις
1963 492 2335 571 Ὀδυσσεύς·

420 595 832 684 ,,Εὐρύμαχ’,
878 595 1022 663 οὐδ’
1069 605 1138 663 εί
1173 622 1285 682 μοι
1331 601 1626 684 πατρώια
1671 597 1860 663 πάντ’
1906 598 2248 683 ἀποδοῖτε,

327 701 493 766 ὅσσά
537 725 605 766 τε
651 711 780 767 νῦν
824 698 983 785 ὔμμ’
1031 701 1204 785 ε’στί,
1249 700 1360 766 καὶ
1405 709 1475 766 εἴ
1509 709 1724 767 ποθεν
1770 700 1911 768 ἄλλ’
1960 703 2278 787 ἐπιθεῖτε,

326 806 494 872 οὐδέ
533 830 649 871 κεν
696 801 783 882 ὧς
829 809 922 871 ἔτι
967 818 1188 891 χεῖρας
1234 807 1392 891 ἐμὰς
1437 807 1698 891 λήξαιμι
1745 810 1986 891 φόνοιο

326 910 485 993 πρὶν
529 921 747 976 πᾶσαν
792 919 1166 996 μνηστῆρας
1207 912 1618 997 ὑπερβασίην
1665 911 1988 977 ἀποτῖσαι.

244 1038 301 1078 65
328 1025 456 1081 νῦν
501 1017 662 1100 ὕμιν
706 1017 1090 1102 παράκειται
1138 1016 1443 1082 ἐναντίον
1489 1015 1566 1101 ἠὲ
1610 1018 1937 1103 μάχεσθαι

327 1121 367 1203 ἢ
414 1123 721 1205 φεύγειν,
766 1123 839 1198 ὅς
883 1146 997 1188 κεν
1042 1123 1343 1188 θάνατον
1387 1126 1498 1189 καὶ
1544 1132 1747 1209 κῆρας
1791 1122 2023 1209 ἀλύξῃ·

324 1226 494 1302 ἀλλά
536 1225 662 1292 τιν’
706 1227 788 1292 οὐ
833 1226 1196 1310 φεύξεσθαι
1243 1228 1466 1312 ὀίομαι
1513 1230 1715 1292 αἰπὺν
1762 1229 2111 1314 ὄλεθρον.“

415 1332 504 1409 ὣς
539 1333 730 1416 φάτο,
767 1344 900 1398 τῶν
930 1331 992 1397 δ’
1027 1333 1231 1398 αὐτοῦ
1269 1334 1428 1399 λύτο
1457 1335 1747 1416 γούνατα
1782 1331 1892 1398 καὶ
1928 1338 2128 1416 φίλον
2156 1330 2331 1417 ἦτορ.

326 1449 539 1502 τοῖσιν
586 1436 647 1503 δ’
690 1438 1085 1524 Εὐρύμαχος
1126 1441 1493 1523 μετεφώνεε
1542 1440 1854 1523 δεύτερον
1900 1434 2109 1515 αὖτις·

249 1566 301 1604 το
417 1540 513 1627 ,,ὦ
559 1548 768 1628 φίλοι,
812 1544 895 1609 οὐ
941 1546 1067 1629 γὰρ
1115 1547 1343 1629 σχήσει
1388 1544 1557 1628 ἀνὴρ
1606 1544 1718 1609 ὅδε
1765 1555 1986 1629 χεῖρας
2030 1544 2341 1626 ἀάπτους,

326 1648 468 1715 ἀλλ’
515 1648 652 1714 ἐπεὶ
697 1653 929 1734 ἔλλαβε
976 1649 1168 1727 τόξον
1213 1649 1447 1727 ἐύξοον
1492 1645 1612 1732 ἠδὲ
1657 1648 2024 1734 φαρέτρην,

327 1754 536 1818 οὐδοῦ
580 1755 709 1819 ἄπο
756 1752 985 1831 ξεστοῦ
1030 1753 1442 1836 τοξάσσεται,
1486 1756 1581 1829 εἰς
1625 1754 1662 1817 ὅ
1708 1777 1780 1818 κε
1824 1755 2070 1831 πάντας

325 1861 496 1943 ἄμμε
540 1861 949 1944 κατακτείνῃ·
997 1858 1162 1924 ἀλλὰ
1207 1860 1613 1942 μνησώμεθα
1658 1859 1923 1946 χάρμης.
1960 1861 2196 1981 ‹ulf-»v
2236 1840 2497 2002 ἰι-Μ

326 1963 633 2048 φάσγανά
677 1985 744 2026 τε
792 1963 1175 2027 σπάσσασθε
1220 1962 1329 2028 καὶ
1377 1963 1763 2049 ἀντίσχεσθε
1817 1963 2129 2050 τραπέζας

220 2089 299 2130 ηε
330 2071 449 2133 ἰῶν
497 2068 889 2153 ώκυμόρων·
938 2065 1043 2132 ἐπὶ
1090 2065 1148 2131 δ’
1195 2069 1373 2155 αὐτῷ
1421 2069 1657 2145 πάντες
1703 2072 1951 2153 ἔχωμεν

327 2173 601 2258 ἁθρόοι,
645 2179 713 2238 εἴ
748 2170 826 2237 κέ
865 2196 982 2256 μιν
1029 2172 1236 2239 οὐδοῦ
1282 2172 1634 2257 ἀπώσομεν
1678 2170 1799 2257 ἠδὲ
1842 2176 2153 2261 θυράων,

327 2283 629 2364 ἔλθωμεν
675 2276 735 2343 δ’
779 2278 906 2343 ἀνὰ
951 2280 1147 2361 ἄστυ,
1190 2280 1315 2362 βοὴ
1364 2276 1425 2343 δ’
1472 2279 1714 2343 ὤκιστα
1761 2277 2047 2361 γένοιτο·

325 2397 415 2451 τῶ
461 2408 533 2450 κε
579 2382 719 2469 τάχ’
764 2379 958 2461 οὗτος
1001 2383 1170 2468 ἀνὴρ
1215 2393 1345 2448 νῦν
1390 2383 1638 2447 ὕστατα
1684 2381 2134 2460 τοξάσσαιτο.“

416 2490 503 2566 ὣς
547 2491 674 2574 ἄρα
720 2491 1032 2573 φωνήσας
1076 2490 1422 2574 εἰρύσσατο
1468 2488 1815 2572 φάσγανον
1862 2486 2012 2571 ὀξύ,

244 2618 300 2657 so
325 2597 633 2681 χάλκεον,
680 2592 1154 2679 ἀμφοτέρωθεν
1199 2592 1603 2678 ἀκαχμένον,
1649 2587 1806 2658 ἆλτο
1855 2591 1915 2657 δ’
1961 2589 2059 2657 ἐπ’
2105 2594 2281 2680 αὐτῷ

326 2697 691 2784 σμερδαλέα
738 2697 960 2782 ἰάχων.
1052 2697 1088 2762 ὁ
1135 2695 1195 2761 δ’
1242 2695 1496 2790 ἁμαρτῇ
1546 2699 1688 2773 δῖος
1726 2688 2182 2774 Ὀδυσσεὺςιᾏη
2223 2729 2462 2772 osv-ms

323 2807 430 2869 ἰὸν
477 2803 855 2884 ἀποπροΐει,
899 2801 1059 2884 βάλε
1106 2797 1181 2865 δὲ
1227 2807 1472 2884 στῆθος
1515 2802 1691 2887 παρὰ
1736 2796 1976 2886 μαζόν,
2236 2778 2560 2841 mffl

323 2909 399 2974 ἐν
445 2906 526 2973 δέ
566 2908 638 2973 οἰ
674 2907 871 2989 ἥπατι
916 2905 1074 2990 πῆξε
1118 2908 1291 2972 θοὸν
1336 2905 1552 2990 βέλος·
1601 2905 1672 2970 έκ
1718 2903 1778 2970 δ’
1829 2907 1956 2992 ἄρα
2001 2911 2219 2995 χειρὸς

326 3014 672 3098 φάσγανον
716 3007 832 3097 ἧκε
877 3016 1147 3098 χαμᾶζε,
1192 3013 1592 3099 περωρηδὴς
1637 3008 1712 3076 δὲ
1756 3012 2035 3098 τραπέζῃ
2061 3007 2445 3134 Μίνως

243 3141 297 3181 85
325 3122 652 3186 κάππεσεν
699 3121 1041 3218 ἰδνωθείς,
1087 3119 1213 3183 ἀπὸ
1262 3116 1323 3183 δ’
1367 3120 1591 3183 εἴδατα
1636 3126 1829 3202 χεῦεν
1875 3120 2057 3198 ἔραζε
2079 3108 2390 3178 M)
2441 3140 2530 3212 Ἳ.

324 3224 433 3290 καὶ
481 3222 681 3300 δέπας
725 3224 1250 3308 ἀμφικύπελλον·
1298 3224 1335 3289 ὁ
1384 3220 1458 3288 δὲ
1502 3226 1718 3308 χθόνα
1762 3223 1959 3286 τύπτε
2006 3221 2280 3307 μετώπῳ

322 3336 520 3415 θυμῷ
569 3329 884 3409 ἀνιάζων,
929 3327 1084 3393 ποσὶ
1131 3325 1205 3393 δὲ
1248 3331 1505 3413 θρόνον
1552 3325 1984 3411 ἀμφοτέροισι

36 3431 271 3498 &vaux
325 3436 641 3510 λακτίζων
687 3432 961 3525 έτ-ί-ναξε·
1009 3431 1145 3498 κατ’
1192 3435 1565 3518 ὀφθαλμῶν
1612 3429 1674 3496 δ’
1719 3428 1891 3515 ἔχυτ’
1932 3430 2151 3516 ἀχλύς.

406 3534 805 3621 ’Λμφίνομος
851 3536 911 3602 δ’
956 3536 1267 3621 Ὀδυσῆος
1313 3537 1566 3628 ἐείσατο
1612 3536 2001 3619 κυδαλίμοιο

1387 3637 1916 3785 ρωαὶρῗχωκ
