2650 3909
907 241 940 291 χ
975 222 1088 292 (22)
1122 224 1597 307 μνηστηροφονία.
2131 220 2261 284 155

236 379 657 465 Ἀμφιμέδων
705 378 764 445 δ’
812 382 940 464 ἄρα
995 378 1377 465 Τηλέμαχον
1421 381 1581 464 βάλε
1627 378 1791 465 χεῖρ’
1838 378 1944 445 ἐπὶ
1989 388 2216 468 καρπῷ

33 455 512 655 (ᾑιΫὶςζγ-ην,
557 487 765 570 ἄκρον
810 482 885 549 δὲ
932 484 1124 570 ῥινὸν
1171 486 1499 568 δηλήσατο
1546 487 1803 569 χαλκός.

308 593 626 674 τήσιππος
671 587 735 655 δ’
778 593 1081 675 Εὔμαιον
1124 587 1291 676 ὑπὲρ
1340 591 1538 667 σάκος
1583 593 1763 675 ἔγχεϊ
1804 599 2030 677 μακρῷ

29 720 39 746 ³
133 722 216 762 280
245 691 429 779 ὦμον
476 695 873 827 ἐπεγρ-,ψεν
920 697 994 761 τὸ
1042 694 1104 759 δ’
1147 694 1551 780 ὑπέρπτατο,
1595 707 1785 760 πῖπτε
1834 689 1897 759 δ’
1939 697 2137 778 ἔραζε.
2213 687 2426 781 νων)

241 800 347 867 τοὶ
394 799 455 866 δ’
500 797 644 867 αὖτ’
690 796 850 886 ἀμφ’
897 800 1176 884 Ὀδυσῆα
1223 802 1588 886 δαΐφρονα,
1631 801 2108 893 ποικιλομήτην

244 909 640 990 μνηστήρων
687 907 753 983 ἐς
797 907 1034 990 ὅμιλον
1080 905 1436 971 ἀκόντισαν
1482 904 1633 983 ὀξέα
1679 907 1907 991 δοῦρα.

244 1009 390 1077 ἔνθ’
448 1008 590 1077 αὖτ’
647 1013 1137 1098 Εὐρυδάμαντα
1181 1012 1342 1095 βάλε
1395 1016 1843 1096 πτολίπορθος
1880 1009 2264 1091 Ὀδυσσεύς,

236 1115 727 1202 Ἀμφιμέδοντα
775 1114 849 1182 δὲ
904 1115 1309 1201 Τηλέμαχος,
1355 1120 1675 1200 Πόλυβον
1721 1113 1796 1181 δὲ
1843 1117 2163 1199 συβώτης·

136 1246 218 1287 285
246 1224 636 1305 Κτήσιππον
683 1220 743 1286 δ’
789 1219 895 1307 ἄρ’
939 1224 1158 1286 ἔπειτα
1202 1225 1382 1304 βοῶν
1429 1221 1856 1305 ἐπιβουκόλος
1901 1220 2067 1305 ἀνὴρ

245 1328 551 1409 βεβλήκει
595 1328 761 1409 πρὸς
806 1332 1083 1408 στῆθος,
1129 1324 1564 1409 ἐπευχόμενος
1610 1323 1683 1390 δὲ
1726 1326 2097 1408 προσηύδα·

336 1428 432 1514 ,,ὦ
480 1432 989 1516 Πολυθερσείδη
1035 1428 1499 1516 φιλοκέρτομε,
1545 1431 1634 1514 μή
1676 1451 1833 1495 ποτε
1876 1430 2147 1512 πάμπαν

247 1540 442 1600 εἴκων
491 1535 819 1622 ἀφραδίῃς
863 1534 1030 1619 μέγα
1075 1537 1316 1618 εἰπεῖν,
1364 1533 1530 1599 ἀλλὰ
1573 1541 1794 1600 θεοῖσι

246 1648 471 1725 μῦθον
517 1640 890 1729 ἐπιτρέψαι,
939 1640 1077 1707 ἐπεὶ
1120 1638 1162 1725 ἦ
1210 1645 1381 1707 πολὺ
1428 1640 1741 1727 φέρτεροί
1779 1644 1925 1706 εἰσι.

139 1768 220 1808 290
245 1750 440 1812 τοῦτό
485 1772 587 1813 τοι
634 1746 781 1812 ἀντὶ
825 1748 1030 1824 ποδὸς
1075 1746 1398 1831 ξεινήιον,
1444 1747 1524 1812 ὅν
1568 1745 1712 1813 ποτ’
1759 1748 2006 1822 ἔδωκας

246 1849 533 1939 ἀντιθέῳ
575 1846 839 1936 Ὀδυσῆι
888 1854 1096 1936 δόμον
1140 1850 1280 1917 κατ’
1325 1851 1773 1936 ἀλητεύοντι.“

333 1952 374 2039 ἦ
423 1955 508 2041 ῥα
552 1961 733 2040 βοῶν
781 1958 1018 2022 ἑλίκων
1067 1958 1522 2041 ἐπιβουκόλος·
1570 1958 1776 2043 αὐτὰρ
1816 1952 2166 2032 Ὀδυσσεὺς

247 2056 409 2126 οὖτα
456 2063 971 2144 Δαμαστορίδην
1018 2061 1420 2148 αὐτοσχεδὸν
1468 2065 1646 2146 ἔγχεϊ
1686 2070 1930 2149 μακρῷ.

256 2163 629 2249 Τηλέμαχος
674 2163 735 2229 δ’
779 2165 1204 2249 Εὐηνορίδην
1250 2168 1657 2249 Λειώκριτον
1703 2162 1865 2232 οὖτα

141 2291 219 2330 295
250 2267 443 2355 δουρὶ
489 2268 693 2353 μέσον
738 2280 1058 2365 κειὲὥνα,
1104 2271 1215 2334 διὰ
1259 2272 1385 2353 πρὸ
1434 2267 1509 2334 δὲ
1552 2272 1797 2354 χαλκὸν
1845 2273 2146 2335 ἔλασσεν·
2179 2252 2409 2331 M

247 2377 438 2459 ἤριπε
486 2370 560 2438 δὲ
604 2378 888 2458 πρηνής,
933 2378 1148 2464 χθόνα
1196 2370 1256 2439 δ’
1300 2376 1502 2457 ἤλασε
1547 2373 1742 2440 παντὶ
1788 2378 2080 2464 μετώπῳ.
2406 2412 2411 2416 -

248 2481 331 2562 δὴ
377 2477 510 2543 τότ’
558 2476 875 2564 Ἀθηναίη
921 2482 1413 2565 φθισίμβροτον
1458 2478 1659 2562 αἰγίδ’
1702 2477 1977 2564 ἀνέσχεν

247 2585 509 2662 ὑψόθεν
556 2583 621 2662 ἐξ
670 2586 945 2670 ὀροφῆς·
992 2597 1124 2656 τῶν
1173 2581 1246 2650 δὲ
1291 2584 1531 2671 φρένες
1576 2584 1944 2668 ἐπτοίηθεν.

249 2690 319 2753 οἱ
360 2686 423 2753 δ’
471 2688 594 2773 ἐφ
538 2693 789 2780 -βοντο
835 2690 998 2755 κατὰ
1045 2690 1337 2776 μέγαρον
1381 2694 1533 2774 βόες
1579 2690 1667 2767 ὣς
1711 2690 2009 2773 ἀγελαῖαι

144 2815 223 2855 εοο
248 2794 361 2870 τάς
405 2792 528 2877 μέν
575 2792 629 2859 τ’
675 2796 899 2922 αἰόλος
943 2790 1205 2881 οἶστρος
1251 2794 1657 2880 ἐφορμηθεὶς
1703 2795 2020 2886 ἐδόνησεν
2021 2645 2284 2889 &⁶5
2342 2777 2607 2865 numm

249 2899 387 2984 ὥρῃ
435 2897 507 2963 ἐν
552 2868 839 2983 εἰαρινῃ,
885 2899 990 2965 ὅτε
1036 2898 1090 2963 τ’
1137 2902 1351 2983 ἤματα
1396 2902 1610 2984 μακρὰ
1656 2900 1981 2967 πέλονται.

249 3005 318 3069 οί
358 3000 419 3068 δ’
465 3005 554 3079 ὥς
597 3000 654 3068 τ’
706 3002 1002 3085 αἰγυπιοὶ
1049 3008 1514 3090 γαμψώνυχες,
1559 3004 2050 3090 ἀγκυλοχεῖλαι,

250 3107 315 3186 ἐξ
361 3108 571 3194 ὀρέων
618 3108 929 3185 ἐλθόντες
976 3106 1074 3173 ἐπ’
1118 3109 1464 3195 ὀρνίθεσσι
1509 3109 1793 3195 θόρωσι·

247 3212 351 3278 ταὶ
398 3213 520 3297 μέν
565 3211 619 3278 τ’
672 3211 746 3277 ἐν
791 3204 997 3300 πεδίῳ
1044 3210 1307 3296 νέφεα-
1290 3215 1711 3278 πτώσσουσαι
1757 3215 1961 3279 ἵενται
1981 3235 2313 3318 ‚wwuzm5
2337 3254 2503 3354 mm?
2539 3230 2620 3364 f„

144 3340 219 3380 805
248 3320 318 3383 οἰ
358 3316 438 3383 δέ
476 3342 549 3383 τε
590 3320 704 3395 τας
750 3316 1096 3383 ὀλέκουσιν
1144 3316 1528 3402 ἐπάλμενοι,
1576 3317 1740 3384 οὐδέ
1778 3342 1876 3396 τις
1919 3319 2084 3404 ἀλκὴ

246 3427 497 3506 γινεται
544 3420 702 3489 οὐδὲ
746 3427 954 3509 φυγή·
1001 3427 1308 3509 χαίρουσι
1356 3422 1436 3488 δέ
1475 3422 1533 3488 τ’
1577 3422 1893 3510 ἀνέρεςα
1852 3426 2049 3514 ᾄχρῃ·
2135 3431 2411 3512 ‘thays-tv(

249 3527 337 3604 ὣς
380 3528 508 3613 ἄρα
553 3525 656 3592 τοὶ
700 3538 1076 3615 μνηστῆρας
1123 3528 1554 3613 ἐπεσσύμενοι
1600 3530 1762 3637 κατὰ
1809 3531 1994 3615 δῶμα
