2650 3909
321 240 406 304 58
831 259 875 294 π
910 243 1021 310 (16)
1061 240 1483 312 ἀναγνωρισμὸς
1512 238 1829 303 Ὀδυσσέως.

323 401 498 485 ὄφρά
542 424 615 465 κε
664 400 1090 485 δυσμενέεσσι
1137 405 1354 486 φόνου
1400 400 1549 486 πέρι
1594 401 2078 486 βουλεύσωμεν.

213 529 293 570 285
321 501 467 569 ἀλλ’
514 506 630 587 ἄγε
679 530 790 589 μοι
837 514 1211 592 μνηστῆρας
1255 504 1629 590 ἀριθμήσας
1672 505 2058 589 κατάλεξον,

321 607 471 695 ὄφρ’
518 609 706 675 εἰδέω
756 611 951 676 ὅσσοί
988 634 1057 676 τε
1101 613 1212 675 καὶ
1259 613 1331 676 οἵ
1369 635 1541 687 τινες
1583 609 1814 695 ἀνέρες
1857 612 2017 675 εἰσί·

320 717 440 778 καί
476 738 592 780 κεν
639 714 798 799 ἐμὸν
844 717 1007 780 κατὰ
1051 717 1277 799 θυμὸν
1323 715 1628 799 ἀμύμονα
1674 713 2071 802 μερμηρίξας

321 820 736 904 φράσσομαι,
779 822 822 903 ἤ
868 843 984 885 κεν
1028 832 1152 885 νῶι
1199 818 1602 904 δυνησόμεθ’
1651 818 2123 904 ἀντιφέρεσθαι

323 926 550 1008 μούνω
598 922 831 989 ἄνευθ’
879 926 1130 1008 ἄλλων,
1174 920 1216 1008 ἦ
1262 922 1372 989 καὶ
1418 924 1796 1015 διζηὲἱμεὸ
1838 925 2139 1001 ἄλλους.“
2205 895 2436 1027 Qualia-
2495 900 2630 1003 Mb

212 1054 290 1094 240
405 1032 523 1095 τὸν
569 1027 633 1119 δ’
674 1024 759 1094 αὖ
815 1028 1188 1114 Τηλέμαχος
1228 1028 1643 1114 πεπνυμένος
1687 1030 1917 1096 ἀντίον
1958 1029 2157 1114 nima·

410 1128 505 1216 ,,ὦ
550 1134 787 1219 πάτερ,
831 1136 978 1216 ἤτοι
1026 1145 1163 1200 σεῖο
1211 1133 1376 1218 μέγα
1421 1134 1609 1211 κλέος
1652 1131 1796 1200 αἰὲν
1841 1136 2088 1200 ἄκουον
2099 1183 2118 1218 ,

316 1240 536 1324 χεῖράς
579 1235 632 1305 τ’
682 1241 1004 1324 αἰχμητὴν
1049 1242 1273 1324 ἔμεναι
1317 1239 1428 1305 καὶ
1476 1240 1800 1327 ἐπίφρονα
1843 1243 2121 1324 βουλήν·

117 1351 288 1389 W
318 1343 484 1409 ἀλλὰ
530 1347 682 1427 λίην
727 1343 892 1428 μέγα
936 1340 1145 1421 εἴπας·
1193 1347 1318 1430 ἄγη
1367 1343 1432 1430 μ’
1478 1348 1634 1430 ἔχει·
1683 1346 1847 1412 οὐδέ
1884 1370 2001 1411 κεν
2044 1352 2143 1429 εἴη

323 1450 525 1534 ἄνδρε
573 1450 713 1514 δύω
758 1456 1064 1517 πολλοῖσι
1109 1449 1218 1516 καὶ
1264 1454 1602 1543 ἰφθίμοισι
1646 1452 1990 1536 μάχεσθαι.

18 1509 292 1634 -ὲηὲῦῆᾞὸ
318 1557 713 1641 μνηστήρων
737 1553 819 1619 ’δ’
868 1553 1007 1621 οὔτ’
1051 1556 1134 1642 ἂρ
1183 1552 1694 1724 ‘kQ‘fflssfi'ss-“ffiss
1725 1552 2272 1658 offingqcss
2293 1479 2559 1674 ωιέθμ)
2619 1529 2644 1583 ᾗ

318 1660 486 1725 ἀλλὰ
531 1663 702 1725 πολὺ
748 1659 1045 1736 πλέονες·
1092 1662 1254 1745 τάχα
1301 1662 1342 1724 δ
1405 1649 1611 1724 ε’σεαι
1658 1657 1908 1776 ἐνθάδέ,
1935 1661 1977 1725 ἀ
2021 1667 2097 1724 ιθ
2147 1664 2245 1726 όν.

320 1763 390 1829 ἐκ
436 1761 557 1848 μὲν
602 1755 989 1847 Δουλιχίοιο
1037 1765 1176 1828 δύω
1221 1762 1332 1829 καὶ
1375 1768 1778 1847 πεντήκοντα
1861 1685 2143 1830 &ww

318 1878 551 1953 κοῦροι
596 1867 999 1954 κεκριμένοι,
1045 1867 1111 1945 ἓξ
1162 1864 1235 1932 δὲ
1282 1871 1639 1952 δρηστῆρες
1684 1866 1977 1932 ἕπονται·

302 1973 395 2039 ’ἐκ
442 1969 515 2038 δὲ
561 1975 793 2057 Σάμης
835 1971 1106 2056 πίσυρές
1149 1996 1216 2037 τε
1262 1971 1372 2037 καὶ
1419 1977 1625 2037 εἴκοσι
1671 1984 1882 2056 φῶτες
1926 1975 2143 2057 ἔασιν,

216 2101 298 2141 250
326 2077 397 2152 ἐκ
444 2045 527 2142 δέ
565 2079 924 2143 Ζακύνθου
972 2079 1158 2143 ἔασιν
1204 2076 1443 2143 ἐείκοσι
1488 2088 1722 2164 κοῦροι
1757 2076 2068 2162 Ἀχαιῶν,
2108 2056 2407 2148 mamb-‚1
2428 2059 2592 2150 ξΖ-Ῡ·

321 2182 392 2247 ἐκ
439 2181 497 2247 δ’
545 2183 746 2265 αὐτῆς
780 2180 1043 2265 Ἰθάκης
1089 2183 1486 2248 δυοκαίδεκα
1529 2183 1769 2260 πάντες
1814 2185 2102 2270 ἄριστοι,
2231 2195 2236 2200 ’
2475 2180 2481 2186 ’

318 2292 435 2352 καί
476 2305 637 2373 σφιν
682 2286 792 2371 ἅμ’
838 2286 975 2353 ἐστὶ
1019 2286 1270 2354 Μέδων
1314 2287 1517 2375 κῆρυξ
1564 2287 1674 2355 καὶ
1717 2295 1904 2367 θεῖος
1947 2289 2173 2368 ἀοιδὸς

319 2392 429 2460 καὶ
476 2395 637 2459 δοιὼ
682 2395 1087 2480 θεράποντε,
1133 2397 1422 2479 δαήμονε
1469 2396 1988 2480 δαιτροσυνάων.

320 2510 453 2564 τῶν
499 2506 567 2564 εἴ
601 2524 716 2566 κεν
742 2501 1030 2565 πάντων
1076 2500 1445 2585 ἀντήσομεν
1490 2504 1691 2566 ἔνδον
1736 2501 2014 2584 ἐόντων,

16 2599 167 2713 Ἃμιν
213 2606 411 2702 255Λμὴ
457 2606 829 2688 πολύπικρα
873 2603 985 2670 καὶ
1029 2607 1183 2669 αἰνὰ
1227 2608 1377 2687 βίας
1420 2605 1757 2670 ἀποτίσεαι
1804 2604 2043 2670 ἐλθών.

12 2729 13 2756 1
320 2708 487 2773 ἀλλὰ
533 2707 712 2792 σύγ’,
758 2711 822 2772 εἰ
865 2710 1153 2772 δύνασαί
1191 2705 1317 2773 τιν’
1362 2707 1699 2794 ἀμύντορα
1743 2708 2161 2794 μερμηρίξαι,

319 2813 597 2896 φράζευ,
643 2810 679 2875 ὅ
726 2809 842 2875 κέν
889 2834 987 2887 τις
1030 2823 1195 2877 νῶιν
1241 2812 1484 2896 ἀμύνοι
1529 2816 1863 2899 πρόφρονι
1908 2815 2170 2901 θυμῷ.“

12 2909 13 2952 ³
406 2918 523 2981 τὸν
571 2912 631 2980 δ’
683 2911 838 2980 αὖτε
883 2915 1231 2999 προσέειπε
1274 2918 1603 2994 πολύτλας
1650 2920 1793 2994 δῖος
1830 2917 2203 2997 Ὀδυσσεύς·

12 3073 13 3114 3
410 3019 555 3104 ,,τοὶ
594 3022 719 3104 γάρ
759 3021 930 3105 ἐγὼν
967 3021 1154 3108 ἐρέω,
1191 3025 1275 3088 σὺ
1313 3018 1389 3087 δὲ
1426 3025 1676 3089 σύνθεο
1713 3028 1830 3091 καί
1858 3049 1983 3110 μευ
2018 3026 2330 3111 ἄκουσον,

12 3123 13 3184 1
212 3151 292 3190 260
312 3128 429 3216 ἱκαὶ
473 3126 755 3212 φράσαι,
800 3128 843 3209 ἤ
887 3151 1003 3192 κεν
1049 3138 1214 3193 νῶιν
1252 3125 1506 3211 Ἀθήνη
1554 3132 1680 3196 σὺν
1724 3132 1845 3194 Διὶ
1888 3129 2084 3216 πατρὶ

12 3233 15 3302 fr
320 3230 611 3318 ἀρκέσει,
654 3229 736 3315 ἧέ
777 3229 905 3297 τιν’
949 3234 1153 3298 ἄλλον
1199 3232 1538 3317 ἀμύντορα
1582 3234 2014 3321 μερμηρίξω.“

407 3339 524 3402 τὸν
572 3335 635 3400 δ’
676 3333 761 3402 αὖ
819 3336 1193 3423 Τηλέμαχος
1236 3337 1651 3422 πεπνυμένος
1696 3339 1925 3405 ἀντίον
1968 3341 2167 3423 ηὔδα·

410 3442 675 3526 „gamas
721 3464 823 3507 τοι
868 3443 1081 3507 τούτω
1128 3442 1187 3526 γ’
1236 3442 1676 3528 ἐπαμύντορε,
1720 3446 1875 3520 τοὺς
1919 3443 2286 3530 ἀγορεύεις,

318 3548 451 3626 ῧψί.
487 3569 608 3633 περ
656 3545 729 3611 ἐν
774 3545 1079 3631 νεφέεσσι
1124 3546 1508 3631 καθημένω·
1556 3549 1608 3613 ὥ
1654 3571 1722 3614 τε
1768 3546 1877 3614 καὶ
1921 3551 2178 3628 ἄλλοις
