2650 3909
359 269 444 332 22
758 270 786 334 ξ
825 272 939 339 (14)
972 267 1276 331 Ὀδυσσέως
1310 270 1451 339 πρὸς
1488 269 1743 339 Εὔμαιον
1780 270 1980 352 ὁμιλία.

251 454 331 493 205
359 429 432 505 ὃς
474 426 606 495 τότ’
655 428 757 494 ε’νὶ
801 433 1129 514 Κρήτεσσι
1173 430 1467 508 θεὸςῶς
1510 435 1679 497 τίετο
1728 432 1913 520 δήμῳ

359 537 535 623 ὄλβῳ
572 558 651 599 τε
696 537 962 624 πλούτῳ
1009 559 1077 600 τε
1121 534 1231 600 καὶ
1276 537 1460 601 υἱάσι
1506 537 1989 620 κυδαλίμοισιν.

358 637 501 705 ἀλλ’
545 643 693 724 ἤτοι
738 643 856 707 τὸν
899 651 1093 726 κῆρες
1128 644 1290 725 ἔβαν
1333 642 1656 707 θανάτοιο
1703 642 2025 727 φέρουσαι
2063 713 2078 722 ‚

357 748 450 823 εἰς
488 744 708 813 Ἀίδαο
756 749 1029 831 δόμους·
1076 745 1177 811 τοὶ
1227 744 1300 812 δὲ
1349 748 1519 831 ζωὴν
1566 746 1887 835 ἐδά-σριντο
1968 732 2222 812 Mam

359 853 589 928 παῖδες
632 851 1011 938 ὑπέρθυμοι
1056 850 1167 916 καὶ
1213 850 1318 945 ἐπεὶ
1364 854 1648 938 κλήρους
1694 851 2043 936 ἐβάλοντο,
2242 855 2330 949 ssu
2357 847 2415 902 ἐἴ

249 979 330 1019 210
356 958 563 1038 αὐτὰρ
611 956 755 1040 ἐμοὶ
800 958 973 1041 μάλα
1016 968 1237 1044 παῦρα
1284 959 1493 1023 δόσαν
1537 956 1648 1023 καὶ
1693 955 1846 1025 οἰκί’
1892 962 2177 1043 ἔνειμαν.

354 1062 697 1146 ἠγαγόμην
746 1060 819 1127 δὲ
864 1076 1146 1146 γυναῖκα
1191 1066 1629 1149 πολυκλήρων
1673 1063 2050 1149 ἀνθρώπων

355 1164 553 1232 εἵνεκ’
603 1166 758 1251 ἐμῆς
803 1167 1064 1254 ἀρετῆς,
1111 1167 1250 1233 ἐπεὶ
1297 1168 1421 1233 οὐκ
1466 1168 1843 1254 ἀποφώλιος
1886 1165 1973 1253 ἦα

355 1269 514 1338 οὐδὲ
559 1276 1078 1357 φυγοπτόλεμος·
1125 1284 1253 1339 νῦν
1302 1271 1360 1338 δ’
1408 1275 1537 1357 ἤδη
1584 1276 1797 1341 πάντα
1844 1274 2172 1342 λέλοιπεν·

30 1329 293 1444 ςὲῘἊΜ
355 1373 500 1442 ἀλλ’
548 1380 752 1462 ἔμπης
794 1379 1095 1477 καλάμην
1141 1377 1221 1462 γέ
1263 1376 1322 1443 σ’
1370 1379 1591 1464 ὀίομαι
1637 1382 2039 1466 εἰσορόωντα
2355 1442 2368 1455 ,

249 1504 326 1544 215
355 1484 734 1567 γινώσκειν·
782 1479 822 1567 ἧ
869 1484 996 1569 γάρ
1044 1491 1123 1568 με
1171 1485 1296 1568 δύη
1348 1487 1480 1569 ἔχει
1523 1486 1729 1578 ἤλάθα
1773 1489 2001 1569 πολλή.
2203 1461 2418 1564 Aah&

354 1585 394 1672 ἧ
440 1586 692 1672 μὲνδὴ
738 1590 995 1676 θάρσός
1040 1612 1153 1673 μοι
1186 1588 1385 1675 ’Ἀρης
1430 1587 1484 1654 τ’
1533 1592 1775 1656 ἔδοσαν
1819 1589 1929 1655 καὶ
1967 1589 2216 1676 Ἀθήνη

352 1692 462 1759 καὶ
508 1693 938 1779 ῥηξηνορίην·
987 1693 1180 1759 ὁπότε
1226 1698 1516 1779 κρίνοιμι
1564 1698 1765 1779 λόχον
1811 1685 1886 1759 δὲ

353 1801 601 1885 ἄνδρας
645 1799 989 1882 ἀριστῆας,
1034 1798 1201 1863 κακὰ
1249 1798 1678 1881 δυσμενέεσσι
1723 1803 2061 1884 φυτεύων,

352 1904 434 1970 οὔ
478 1902 642 1969 ποτέ
681 1927 794 1986 μοι
837 1903 1137 1968 θάνατον
1182 1906 1608 1988 προτιόσσετο
1653 1907 1870 1988 θυμὸς
1916 1904 2213 1993 ἀγήνωρ,

246 2031 325 2070 220
353 2009 519 2075 ἀλλὰ
562 2011 733 2074 πολὺ
781 2009 1144 2094 πρώτιστος
1188 2007 1549 2099 έπραζλμενος
1593 2011 1766 2094 ἔγχει
1812 2010 2081 2077 ἕλεσκον
2102 1975 2333 2116 ῥωμρς
2379 2009 2524 2075 u-ws

353 2114 637 2200 ἀνδρῶν,
667 2111 1048 2196 δυσμενέων
1094 2114 1139 2178 ὅ
1176 2112 1250 2179 τέ
1290 2137 1404 2198 μοι
1450 2112 1642 2192 εἴξειε
1687 2117 1979 2181 πόδεσσι.

352 2230 528 2296 τοῖος
564 2185 659 2309 ἐᾷ,
694 2218 767 2284 ἐν
810 2217 1101 2308 πολέμῳ·
1153 2221 1352 2304 ἔργον
1398 2218 1478 2284 δέ
1517 2244 1631 2304 μοι
1675 2221 1757 2286 οὐ
1802 2226 2001 2307 φίλον
2048 2227 2236 2292 ἔσκεν

353 2322 499 2391 οὐδ’
544 2327 932 2409 οἰκωφελίη,
975 2325 1017 2407 ἥ
1066 2348 1134 2390 τε
1178 2324 1403 2411 τρέφει
1451 2325 1660 2410 ἀγλαὰ
1704 2325 1932 2413 τέκνα,

352 2431 520 2496 ἀλλά
564 2456 676 2515 μοι
724 2429 853 2496 αἰεὶ
897 2439 1051 2514 νῆες
1096 2430 1446 2516 ἐπήρετμοι
1490 2438 1678 2517 φίλαι
1720 2429 1891 2518 ’ἦσαν

244 2558 325 2598 225
351 2535 461 2602 καὶ
505 2541 781 2621 πόλεμοι
826 2535 936 2601 καὶ
983 2538 1254 2612 ἄκοντες
1300 2537 1592 2615 ἐύξεστοι
1636 2537 1745 2603 καὶ
1792 2539 2030 2622 ὀιστοί,

352 2643 592 2727 λυγρά,
638 2643 718 2707 τά
761 2639 818 2706 τ’
865 2642 1166 2705 ἄλλοισίν
1212 2665 1287 2723 γε
1334 2644 1733 2749 καταριγηλὰ
1776 2641 2102 2709 πέλονται.
2145 2607 2226 2710 1¹4
2245 2669 2338 2710 -fn
2359 2641 2440 2716 (μ’.

351 2747 556 2830 αὐτὰρ
605 2744 752 2830 ἐμοὶ
793 2747 872 2810 τὰ
909 2743 1047 2830 φίλ’
1093 2748 1264 2828 ἔσκε,
1309 2747 1390 2812 τά
1427 2770 1555 2811 που
1589 2748 1750 2822 θεὸς
1786 2746 1858 2812 ἐν
1894 2748 2090 2834 φρεσὶ
2125 2757 2357 2835 θῆκεν·

350 2853 547 2927 ἄλλος
591 2851 717 2935 γάρ
764 2845 821 2915 τ’
863 2851 1165 2915 ἄλλοισιν
1213 2850 1381 2935 ἀνὴρ
1428 2850 1831 2937 ἐπιτέρπεται
1877 2856 2111 2938 ἔργοις.

349 2955 509 3044 πρὶν
553 2952 674 3041 μὲν
720 2956 846 3038 γὰρ
901 2958 1138 3039 Τροίης
1184 2954 1570 3039 ἐπιβήμεναι
1615 2949 1765 3034 υἷας
1802 2956 2077 3044 Ἀχαιῶν

244 3085 325 3123 230
352 3063 599 3139 εἰνάκις
643 3060 967 3147 ἀνδράσιν
1013 3056 1177 3144 ἦρξα
1223 3058 1333 3126 καὶ
1380 3061 1780 3148 ὠκυπόροισι
1825 3064 2085 3131 νέεσσιν

350 3168 597 3251 ἄνδρας
642 3166 708 3244 ἐς
756 3166 1202 3251 ἀλλοδαπούς,
1256 3172 1374 3232 καί
1421 3192 1532 3252 μοι
1577 3172 1751 3253 μάλα
1796 3172 2078 3257 τύγχανε
2130 3174 2358 3238 πολλά.

348 3283 480 3337 τῶν
530 3272 921 3361 ἐξαιρεύμην
968 3272 1339 3358 μενοεικέα,
1383 3275 1595 3340 πολλὰ
1641 3274 1703 3340 δ’
1747 3277 1997 3341 ὀπίσσω

22 3365 105 3434 '·-=
130 3377 709 3500 ‘fflquqc'gxoevow
757 3376 921 3457 αἶψα
967 3375 1042 3443 δὲ
1087 3375 1266 3455 οἰκος
1313 3378 1662 3471 ὀφέλλετο,
1706 3387 1822 3447 καί
1862 3384 1944 3468 ῥα
1990 3385 2208 3449 ἔπειτα
2231 3367 2564 3451 (annuo-2³2

46 3481 53 3490 ’
351 3484 571 3560 δεινός
614 3480 670 3547 τ’
714 3486 966 3562 αἰδοῖός
1009 3509 1077 3550 τε
1123 3486 1282 3569 μετὰ
1331 3488 1659 3571 Κρήτεσσι
1706 3490 2043 3573 τετύγμην.

241 3610 321 3651 285
349 3584 493 3653 ἀλλ’
540 3588 645 3654 ὅτε
693 3589 776 3673 δὴ
824 3592 943 3674 τήν
990 3614 1064 3674 γε
1113 3592 1438 3677 στυγερὴν
1486 3591 1646 3657 ὁδὸν
1694 3594 1987 3679 εὐρύοπα
2035 3599 2202 3673 Ζεὺς
