2650 3909
354 234 440 299 38
918 253 949 287 ο
985 235 1098 302 (15)
1142 231 1468 302 Τηλεμάχου
1507 229 1797 294 ἐπάνοδος.

354 394 679 460 ἀθάνατοι
725 395 1049 478 βάλλουσι
1094 392 1204 459 καὶ
1250 395 1340 470 ὡς
1383 391 1722 459 τελέεσθαι
1769 392 1905 458 ὀίω.

354 500 443 576 ὡς
488 500 601 564 ὅδε
647 496 795 584 χῆν’
834 496 1068 584 ’ἥρπαξ’
1114 497 1629 582 ἀτιταλλομένην
1676 496 1776 562 ἐνὶ
1822 504 1980 586 οἴκῳ
2339 492 2363 557 λ

248 625 325 667 175
353 603 576 669 ἐλθὼν
621 603 687 682 ἐξ
737 608 954 691 ὄρεος,
999 604 1116 669 ὅθι
1161 606 1232 669 οι·
1272 578 1465 687 γενεή
1510 626 1579 668 τε
1623 605 1815 705 τόσα-ως
1857 626 1960 684 τε,
2001 570 2312 694 fimf—a
2329 608 2418 697 φ.

353 708 442 785 ὣς
477 705 790 786 Ὀδυσεὺς
833 710 999 774 κακὰ
1044 710 1257 774 πολλὰ
1301 709 1543 773 παθὼν
1589 705 1698 772 καὶ
1742 705 1930 772 πόλλ’
1975 704 2328 789 ἐπαληθεὶς

353 814 577 879 οἴκαδε
624 816 930 896 νοστήσει
976 810 1087 876 καὶ
1131 814 1402 876 τίσεται·
1448 808 1525 895 ἠὲ
1571 808 1680 876 καὶ
1724 813 1853 895 ἤδη

353 924 556 1000 οἴκοι,
600 916 763 1002 ἀτὰρ
810 923 1176 999 μνηστῆρσι
1221 917 1427 979 κακὸν
1470 915 1785 979 πάντεσσι
1828 915 2160 999 φυτεύει.“

438 1024 562 1106 τὴν
609 1017 672 1085 δ’
717 1015 803 1084 αὖ
858 1017 1233 1104 Τηλέμαχος
1276 1017 1693 1103 πεπνυμένος
1737 1019 1966 1085 ἀντίον
2010 1021 2209 1103 ηὔδα·

158 1207 167 1221 ο
248 1153 325 1193 180
444 1126 660 1210 »οὕτω
708 1135 834 1190 νῦν
884 1127 1052 1200 Ζεὺς
1095 1127 1283 1208 θείη,
1334 1123 1725 1210 ἐρίγδουπος
1768 1128 1959 1201 πόσις
1985 1123 2223 1209 ““Ἠρης·

107 1222 259 1302 mi«
351 1243 440 1297 τῶ
487 1229 603 1296 κέν
645 1252 749 1322 τρι
794 1232 905 1294 καὶ
950 1236 1128 1294 κεῖθι
1173 1236 1313 1317 θεῷ
1364 1230 1452 1306 ὣς
1497 1228 1975 1318 εὐχετοῴμην.“

439 1332 480 1420 ἦ
527 1333 637 1400 καὶ
685 1331 784 1419 ἐφ’
833 1335 1090 1400 ἵπποιιν
1135 1335 1374 1433 μάστιν
1419 1335 1606 1417 βάλε·
1652 1337 1756 1401 τοὶ
1801 1332 1876 1400 δὲ
1920 1335 2069 1420 μάλ’
2116 1332 2252 1401 ὦκα
2319 1292 2466 1395 Qud»

350 1440 542 1527 ἤιξαν
586 1441 818 1505 πεδίον
865 1437 939 1504 δὲ
987 1441 1098 1505 διὰ
1143 1444 1410 1516 πτόλιος
1454 1451 1801 1524 μεμαῶτες.

353 1548 424 1614 οἰ
464 1543 539 1611 δὲ
584 1545 978 1632 πανημέριοι
1026 1556 1209 1612 σεῖον
1259 1546 1456 1627 ζυγὸν
1502 1544 1706 1631 ἀμφὶς
1751 1549 2023 1631 ἔχοντες.

247 1677 325 1718 185
355 1653 591 1717 δύσετό
637 1649 691 1715 τ’
740 1648 959 1735 ἠέλιος
1005 1653 1326 1716 σκιόωντό
1372 1674 1441 1715 τε
1486 1660 1690 1715 πᾶσαι
1734 1650 1986 1734 ἀγυιαί·

354 1756 420 1835 ές
469 1757 696 1842 Φηρὰς
742 1754 804 1821 δ’
846 1757 1070 1821 ἵκοντο
1118 1760 1448 1839 Διοκλῆος
1492 1754 1644 1821 ποτὶ
1690 1757 1908 1839 δῶμα,

351 1861 531 1939 υἱέος
567 1860 1003 1948 Ὀρτιλόχοιο,
1048 1863 1166 1926 τὸν
1205 1860 1508 1946 Ἀλφειὸς
1550 1846 1693 1925 τέκε
1738 1863 1959 1926 παῖδα.

353 1971 524 2034 ἔνθα
572 1963 646 2031 δὲ
692 1964 874 2032 νύκτ’
916 1966 1155 2050 ἄεσαν,
1203 1967 1238 2033 ὁ
1286 1963 1361 2031 δὲ
1406 1978 1544 2043 τοῖς
1586 1968 1718 2050 πὰρ
1766 1965 1972 2043 ξείνια
2014 1973 2242 2050 θῆκεν.

442 2067 607 2157 ἦμος
652 2069 715 2136 δ’
755 2069 1091 2158 ἠριγένεια
1135 2073 1314 2156 φάνη
1364 2071 1852 2154 ῥοδοδάκτυλος
1889 2066 2089 2156 Ἠώς,

249 2203 328 2242 190
353 2178 595 2253 ἵππους
637 2200 706 2241 τε
757 2174 1092 2260 ζεύγνυντ’
1138 2175 1266 2242 ἀνά
1309 2174 1385 2241 θ’
1426 2178 1682 2261 ἅρματα
1725 2174 1965 2242 ποικίλ’
2010 2180 2310 2262 ἔβαινον,

354 2282 427 2347 ἐκ
473 2278 535 2347 δ’
582 2284 824 2347 ἔλασαν
869 2283 1243 2369 προθύροιο
1289 2280 1399 2346 καὶ
1445 2283 1770 2366 αὐθούσης
1816 2282 2198 2369 ἐριδούπου·

355 2387 663 2472 μάστιξεν
708 2385 772 2469 δ’
815 2386 1047 2472 ἐλάαν,
1090 2390 1181 2453 τὼ
1230 2384 1293 2452 δ’
1343 2387 1465 2453 οὐκ
1509 2388 1744 2454 ἄκοντε
1789 2387 2137 2472 πετέσθην.

355 2489 519 2571 αἶψα
565 2490 625 2557 δ’
673 2490 881 2557 ἔπειθ’
928 2494 1152 2559 ἵκοντο
1200 2494 1437 2557 Πύλου
1484 2494 1643 2557 αἰπὺ
1689 2497 2117 2579 πτολίεθρον·

357 2596 467 2662 καὶ
511 2600 656 2662 τότε
712 2596 1085 2680 Τηλέμαχος
1128 2599 1551 2680 προσεφώνεε
1595 2595 1934 2681 Νέστορος
1976 2597 2154 2661 υἱόν·

251 2727 328 2767 195
447 2702 900 2786 ,,Νεστορίδη,
944 2709 1081 2775 πῶς
1123 2698 1239 2764 κέν
1285 2722 1398 2782 μοι
1442 2698 2259 2783 ὑποσχόμενος-τελέσειας

358 2812 583 2890 μῦθον
631 2804 818 2887 ἑμόν;
865 2803 1069 2881 ξεῖνοι
1117 2800 1191 2867 δὲ
1239 2799 1591 2889 διαμπερὲς
1633 2802 1937 2888 εὐχόμεθ’
1984 2801 2155 2871 εἶναι

357 2910 428 2975 ἐκ
473 2909 773 2997 πατέρων
817 2913 1196 2995 φιλότητος,
1242 2909 1406 2994 ἀτὰρ
1452 2907 1562 2973 καὶ
1608 2908 1912 2994 ὁμήλικές
1956 2913 2165 2995 εἰμεν·

355 3012 473 3100 ἥδε
522 3013 584 3083 δ’
629 3016 785 3093 ὁδὸς
828 3013 940 3081 καὶ
978 3020 1238 3101 μᾶλλον
1285 3015 1827 3103 ὁμοφροσύνῃσιν
1874 3017 2111 3101 ἐνήσει.

356 3125 444 3206 μή
492 3146 570 3215 με
618 3118 884 3215 παρ’,ςξξ
930 3124 971 3209 ᾄ
1015 3145 1047 3186 ε
1091 3110 1252 3205 Ϊῃῇα,
1298 3120 1698 3207 Διοτρεφές,
1743 3121 1910 3187 ἀλλὰ
1954 3121 2087 3187 λίπ’
2132 3123 2369 3205 αὐτοῦ,
2452 3201 2456 3205 .

249 3253 329 3293 200
356 3229 446 3312 μή
492 3224 560 3310 μ’
602 3226 639 3293 ὅ
685 3226 902 3314 γέρων
947 3146 1227 3293 ἕέκοντα
1271 3226 1560 3313 κατάσχῃ
1607 3221 1659 3315 ᾧ
1707 3225 1808 3292 ἐνὶ
1853 3233 2013 3315 οἴκῳ
2134 3244 2143 3252 ·

357 3331 613 3417 ἰέμενος
637 3333 939 3419 φιλέειν·
984 3330 1098 3417 ἐμὲ
1143 3329 1219 3399 δὲ
1263 3335 1433 3419 χρεὼ
1478 3339 1740 3398 θᾶσσον
1786 3330 2112 3397 ίκέσθαι.“
2255 3418 2261 3424 ρ

447 3438 534 3514 ὣς
569 3438 765 3522 φάτο,
807 3440 1221 3524 Νεστορίδης
1258 3432 1319 3502 δ’
1362 3435 1469 3522 ἄρ’
1512 3434 1596 3522 ἑῷ
1637 3437 2109 3520 συμφράσσατο
2147 3444 2368 3526 θυμῷ,

358 3544 583 3619 ὅππως
626 3543 697 3607 οἰ
736 3544 900 3607 κατὰ
945 3552 1186 3629 μοῖραν
1230 3544 1682 3628 ὑποσχόμενος
1724 3540 2068 3609 τελέσειεν.
