2650 3909
386 215 511 280 188
805 155 820 161 ς
1149 236 1192 269 ω
1231 218 1346 286 (24)
1384 218 1640 271 σπονδαί.

383 384 595 462 ἴομεν·
642 378 684 461 ἢ
728 375 838 443 καὶ
884 379 1102 442 ἔπειτα
1146 375 1465 461 κατηφέες
1512 373 1817 459 ἐσσόμεθ’
1865 376 2020 439 αἰεί·
2071 375 2403 489 Qu)

381 484 560 568 λώβη
608 485 734 570 γὰρ
782 482 938 549 τάδε
982 480 1041 565 γ’
1090 464 1383 548 έστῖκαὶ
1431 480 1848 565 ἐσσομένοισι
1890 478 2265 561 πυθέσθαι,

382 592 443 653 εἰ
486 591 568 673 δὴ
615 590 704 673 μὴ
750 591 1007 654 παίδων
1052 611 1121 652 τε
1166 590 1582 671 κασιγνήτων
1626 610 1695 651 τε
1742 596 1998 670 φονῆας

273 716 353 756 435
379 690 705 777 τισόμεθ’.
796 693 918 760 οὐκ
963 692 1047 758 ἂν
1093 696 1313 777 ἔμοιγε
1361 693 1521 777 μετὰ
1565 689 1804 778 φρεσὶν
1847 691 1977 775 ἡδὺ
2026 689 2281 773 γένοιτο

384 797 657 884 ζωέμεν,
702 798 869 865 ἀλλὰ
914 799 1184 884 τάχιστα
1227 799 1465 863 θανὼν
1510 797 1901 882 φθιμένοισι
1945 799 2224 880 μετείην.

380 902 524 970 ἀλλ’
573 912 790 990 ἴομεν,
835 907 924 989 μὴ
970 902 1232 989 φθέωσι
1278 902 1763 985 περαιωθέντες
1809 901 2113 969 έκεῖνοι.“

470 1009 558 1087 ὣς
601 1011 771 1094 φάτο
812 1010 1023 1093 δάκρυ
1060 1007 1253 1094 χέων,
1300 1004 1518 1085 οἶκτος
1555 1006 1615 1072 δ’
1662 1007 1767 1073 ἕλε
1804 1008 2051 1082 πάντας
2079 1005 2396 1092 Ἀχαιούς.

382 1114 745 1200 ἀγχίμολον
794 1114 875 1180 δέ
915 1112 1028 1198 σφ’
1072 1110 1242 1197 ἦλθε
1287 1112 1539 1179 Μέδων
1585 1112 1694 1179 καὶ
1739 1121 1927 1190 θεῖος
1969 1112 2196 1188 ἀοιδὸς

273 1242 355 1281 440
382 1218 454 1285 ἐκ
499 1221 805 1306 μεγάρων
844 1216 1192 1303 Ὀδυσῆος,
1238 1219 1386 1284 ἐπεί
1425 1237 1629 1305 σφεας
1672 1219 1881 1295 ὕπνος
1925 1216 2198 1301 ἀνῆκεν,

383 1327 579 1417 ἔσταν
625 1323 686 1391 δ’
732 1325 808 1390 ἐν
855 1324 1183 1410 μέσσοισι·
1231 1326 1438 1410 τάφος
1483 1323 1543 1389 δ’
1590 1325 1737 1390 ἕλεν
1784 1326 1998 1409 ἄνδρα
2043 1323 2335 1388 ἕκαστον.

380 1441 550 1495 τοῖσι
597 1428 672 1497 δὲ
716 1429 827 1496 καὶ
870 1429 1160 1514 μετέειπε
1205 1430 1460 1496 Μέδων
1504 1428 1889 1513 πεπνυμένα
1934 1430 2151 1505 εἰδώς·

471 1535 780 1619 »κέκλυτε
829 1538 911 1620 δὴ
957 1547 1087 1602 νῦν
1133 1560 1281 1621 μευ,
1319 1535 1708 1621 Ἰθακήσιοι·
1756 1536 1838 1601 οὐ
1882 1536 2008 1621 γὰρ
2044 1532 2397 1609 Ὀδυσσεὺς

382 1641 738 1708 ἀθανάτων
784 1642 1007 1726 ἀέκητι
1050 1648 1233 1708 θεῶν
1278 1643 1435 1707 τάδε
1481 1645 1730 1726 μήσατο
1778 1644 1962 1727 ἔργα·
2251 1651 2258 1654 “

275 1766 356 1807 445
382 1745 577 1822 αὐτὸς
621 1745 793 1829 ἐγὼν
839 1743 1024 1812 εἶδον
1068 1749 1235 1812 θεὸν
1282 1748 1648 1832 ἄμβροτον,
1694 1745 1768 1822 ὅς
1813 1743 1872 1831 ῥ’
1921 1742 2187 1829 Ὀδυσῆι

382 1850 670 1933 ἐγγύθεν
719 1850 970 1934 ἑστήκει
1016 1849 1124 1916 καὶ
1170 1851 1469 1935 Μέντορι
1515 1851 1726 1916 πάντα
1772 1847 1977 1936 ἐῴκει.

382 1955 715 2031 ἀθάνατος
760 1952 834 2020 δὲ
879 1957 1039 2032 θεὸς
1082 1952 1229 2022 τοτὲ
1274 1952 1397 2039 μὲν
1442 1954 1844 2041 προπάροιθ’
1887 1952 2203 2040 Ὀδυσῆος

382 2064 653 2144 φαίνετο
700 2061 1095 2145 θαρσύνων,
1137 2057 1285 2147 τοτὲ
1333 2058 1407 2125 δὲ
1452 2070 1825 2146 μνηστῆρας
1868 2061 2113 2146 ὀρίνων

326 2150 330 2157 ’
383 2171 552 2230 θῦνε
598 2166 760 2230 κατὰ
806 2165 1122 2252 μέγαρον·
1170 2164 1273 2231 τοὶ
1320 2163 1381 2232 δ’
1425 2165 1792 2252 ἀγχιστῖνοι
1839 2167 2171 2232 ἔπιπτον.“

276 2291 357 2331 450
474 2270 562 2347 ὣς
600 2271 795 2356 φάτο,
839 2275 995 2348 τοὺς
1032 2270 1091 2337 δ’
1138 2274 1268 2358 ἄρα
1304 2273 1552 2348 πάντας
1586 2273 1715 2347 ὑπὸ
1754 2274 2013 2357 χλωρὸν
2051 2271 2200 2350 δέος
2232 2272 2392 2359 ᾔρει.

381 2387 554 2442 τοῖσι
601 2372 675 2440 δὲ
719 2374 830 2441 καὶ
874 2376 1165 2460 μετέειπε
1213 2377 1427 2463 γέρων
1472 2379 1648 2462 ’ἥρως
1685 2373 2072 2462 Ἀλιθέρσης

382 2483 836 2566 Μαστορίδης·
884 2483 920 2549 ὁ
969 2483 1093 2568 γὰρ
1141 2478 1281 2559 οἷος
1324 2484 1448 2568 ὅρα
1492 2485 1761 2568 πρόσσω
1807 2480 1918 2547 καὶ
1963 2483 2240 2548 ὀπίσσω·

383 2588 420 2652 ὅ
468 2602 630 2672 σφιν
672 2585 1065 2674 ,ἐυφρονέων
1113 2587 1481 2673 ἀγορήσατο
1527 2587 1638 2653 καὶ
1683 2586 1997 2673 μετέειπε·

473 2692 783 2776 ,,κέκλυτε
832 2693 913 2775 δὴ
959 2702 1088 2757 νῦν
1135 2715 1292 2775 μευ,
1332 2690 1728 2778 Ἰθακήσιοι,
1774 2693 1919 2760 ὅττί
1955 2717 2071 2759 κεν
2115 2701 2294 2759 εἴπω.

276 2817 355 2858 466
383 2796 661 2882 ὑμετέρῃ
707 2800 1046 2880 κακότητι,
1091 2802 1309 2881 φίλοι,
1355 2798 1509 2862 τάδε
1557 2801 1716 2882 ἔργα
1760 2796 2061 2882 γένοντο·

384 2902 465 2968 οὐ
509 2902 636 2987 γὰρ
685 2900 829 2985 ἐμοὶ
874 2901 1209 2987 πείθεσθ’,
1256 2904 1339 2970 οὐ
1378 2901 1711 2989 Μέντορι,
1755 2904 2019 2990 ποιμένι
2064 2911 2273 2989 λαῶν,

381 3005 739 3093 ὑμετέρους
781 3011 1022 3085 παῖδας
1065 3007 1519 3093 καταπαυέμεν
1564 3008 2041 3095 ἀφροσυνάων,

384 3117 454 3179 οἳ
493 3110 659 3197 μέγα
705 3115 903 3198 ἔργον
950 3113 1178 3199 ἔρεξαν
1224 3113 1664 3198 ἀτασθαλίῃσι
1709 3124 1976 3199 κακῇσι,

382 3221 674 3302 κτήματα
719 3221 1049 3298 κείροντες
1091 3218 1201 3284 καὶ
1247 3219 1664 3303 ἀτιμάζοντες
1707 3222 1961 3285 ἄκοιτιν

275 3343 357 3384 460
385 3322 628 3408 ἀνδρὸς
672 3321 1005 3406 ἀριστῆος·
1049 3325 1168 3389 τὸν
1215 3321 1274 3388 δ’
1321 3323 1539 3389 οὐκέτι
1584 3325 1796 3409 φάντο
1841 3323 2130 3390 νέεσθαι.

383 3425 493 3490 καὶ
536 3437 667 3492 νῦν
712 3421 840 3491 ὧδε
888 3426 1174 3510 γένοιτο·
1220 3427 1512 3494 πίθεσθέ
1551 3452 1663 3512 μοι
1709 3428 1797 3504 ὡς
1842 3427 2167 3512 ἀγορεύω·

383 3532 471 3614 μὴ
522 3537 739 3616 ἴομεν,
785 3534 875 3616 μή
919 3554 1050 3599 που
1095 3557 1194 3610 τις
1240 3534 1635 3599 ἑπισπαστὸν
1681 3535 1885 3599 κακὸν
1931 3534 2155 3622 εὕρῃ.“
