2650 3909
1013 244 1055 277 ω
1092 228 1208 293 (24)
1245 225 1503 279 σπονδαί.
2147 224 2270 288 187

252 385 397 452 οὐδ’
444 383 532 451 ἔτ’
578 382 971 468 ὀιομένοισι,
1015 382 1170 449 θεοὶ
1216 382 1296 449 δέ
1338 400 1409 450 σε
1456 386 1709 468 ἤγαγον
1756 385 1976 468 αὐτοί,

47 446 204 558 ’κο-3,(
252 486 415 585 ρὲλέ
453 514 522 555 τε
566 488 677 556 καὶ
723 488 890 574 μέγα
934 501 1153 575 χαῖρε,
1198 487 1354 555 θεοὶ
1400 488 1479 554 δέ
1518 513 1621 555 τοι
1667 491 1861 572 ὄλβια
1907 491 2107 554 δοῖεν.

247 601 364 662 καί
404 619 517 680 μοι
562 592 741 661 τοῦτ’
782 594 1152 679 ἀγόρευσον
1199 592 1556 678 ἐτήτυμον,
1603 592 1756 679 ὄφρ’
1802 597 1877 662 &v
1924 597 2112 678 εἰδῶ,

247 702 289 786 ἢ
333 703 460 785 ἤδη
508 701 689 784 σάφα
735 694 875 764 οἶδε
922 701 1267 783 περίφρων
1313 702 1736 782 Πηνελόπεια

138 829 220 869 405
246 806 659 889 νοστήσαντά
705 821 778 869 σε
826 800 1010 888 δεῦρ’
1024 853 1043 887 ,
1088 799 1129 886 ἦ
1177 790 1462 885 ἄγγελον
1509 804 1955 889 ὀτρύνωμεν.“

334 915 452 978 τὸν
494 909 555 976 δ’
588 909 1121 994 ἀπαμειβόμενος
1157 908 1457 993 προσέφη
1495 911 1858 995 πολύμητις
1886 906 2270 986 Ὀδυσσεύς·

337 1013 432 1100 ,,ὦ
479 1015 710 1102 γέρον,
754 1015 880 1100 ἤδη
931 1009 1102 1079 οἶδε·
1147 1018 1218 1079 τί
1258 1030 1332 1078 σε
1379 1016 1502 1099 χρὴ
1549 1024 1752 1081 ταῦτα
1797 1014 2191 1095 πένεσθαι;“

335 1123 423 1199 ὣς
468 1116 663 1207 φάθ’,
712 1121 747 1186 ὁ
796 1117 858 1185 δ’
905 1115 1088 1195 αὖτις
1134 1117 1240 1204 ἄρ’
1286 1117 1440 1197 ἕζετ’
1490 1119 1797 1198 έυξέστου
1844 1119 1944 1186 ἐπὶ
1999 1122 2268 1207 δίφρου.

248 1228 337 1304 ὣς
383 1226 442 1292 δ’
490 1227 701 1302 αὕτως
743 1227 975 1301 παῖδες
1019 1228 1278 1289 Δολίου
1323 1227 1571 1291 κλυτὸν
1616 1224 1780 1312 ἀμφ’
1825 1224 2106 1310 Ὀδυσῆα

138 1356 220 1394 410
248 1328 667 1419 Oefflvdmvv’
715 1328 973 1395 έπέεσσι
1019 1327 1128 1395 καὶ
1178 1329 1252 1394 ε’ν
1298 1334 1588 1415 χείρεσσι
1632 1332 1917 1415 φύοντο,
2047 1318 2270 1461 cra-*311

247 1437 455 1522 ἑξείης
499 1434 560 1502 δ’
606 1436 828 1515 ἕζοντο
873 1432 1078 1520 παραὶ
1126 1438 1422 1518 Δολίον,
1465 1433 1711 1520 πατέρα
1758 1439 1951 1520 σφόν.-

335 1543 423 1619 ὣς
467 1544 539 1610 οἱ
576 1538 698 1626 μὲν
743 1538 895 1626 περὶ
940 1541 1218 1606 δεῖπνον
1265 1539 1371 1606 ένὶ
1418 1542 1764 1626 μεγάροισι
1808 1539 2116 1608 πένοντο·

228 1648 433 1714 Ὄσσα
479 1644 539 1712 δ’
584 1644 687 1733 ἄρ’
721 1646 1012 1729 ’ἅγγελος
1057 1641 1194 1711 ὦκα
1241 1646 1406 1710 κατὰ
1450 1648 1684 1711 πτόλιν
1731 1644 1934 1733 ᾤχετο
1980 1647 2223 1733 πάντῃ,

245 1757 642 1838 μνηστήρων
690 1753 1015 1837 στυγερὸν
1058 1751 1361 1816 θάνατον
1405 1749 1513 1816 καὶ
1562 1749 1709 1837 κῆρ’
1752 1750 2094 1818 ἐνέπουσα.

138 1880 220 1920 ιιε
246 1862 317 1926 οἱ
356 1857 417 1925 δ’
461 1857 565 1942 ἄρ’
612 1860 788 1942 ὁμῶς
831 1856 1091 1934 ἀίοντες
1137 1856 1421 1942 ἐφοίτων
1468 1859 1761 1923 ἄλλοθεν
1805 1859 2004 1933 ἄλλος
2273 1913 2287 1926 .

245 1975 477 2064 μ-υχμςό
526 1988 593 2030 τε
640 1972 924 2048 στοναχῇ
970 1986 1039 2028 τε
1087 1964 1316 2046 δόμων
1362 1960 1765 2049 προπάροιθ’
1810 1960 2152 2048 Ὀδυσῆος,
2198 1948 2560 2086 ΔΛιγΜᾲᾱῖ

246 2069 318 2135 ἐκ
364 2065 438 2134 δὲ
482 2068 676 2144 νέκυς
721 2075 923 2133 οἴκων
968 2071 1220 2153 φόρεον
1265 2066 1377 2133 καὶ
1421 2069 1684 2134 θάπτον
1731 2067 2022 2152 ἕκαστοι,

244 2178 401 2250 τοὺς
446 2170 507 2238 δ’
552 2172 617 2250 ἐξ
663 2171 928 2236 ἀλλάων
973 2177 1226 2237 πολίων
1273 2168 1465 2237 οἷκον
1513 2169 1587 2237 δὲ
1633 2172 1909 2238 ἕκαστον

61 2272 186 2367 [Apo
246 2278 502 2377 πέμ-πον
548 2279 735 2369 ᾄγεκιν
782 2275 1039 2369 ᾳζλιεῦσι
1085 2283 1255 2361 θοῇς
1302 2274 1409 2341 ἐπὶ
1455 2275 1656 2360 νηυσὶ
1699 2276 2019 2355 τιθέντες·

140 2407 221 2446 420
248 2380 435 2449 αὐτοὶ
482 2368 543 2449 δ’
589 2386 682 2459 είς
729 2382 981 2467 ἀγορὴν
1025 2385 1174 2446 κίον
1220 2380 1494 2467 ἁθρόοι,
1541 2381 1901 2467 ἀχνύμενοι
1947 2393 2088 2466 κῆρ.

247 2490 453 2575 αὐτὰρ
500 2488 646 2554 ἐπεί
684 2486 745 2571 ῤ’
790 2490 1079 2571 ἤγερθεν
1126 2485 1479 2572 ὁμηγερέες
1522 2511 1594 2552 τε
1641 2487 1949 2571 γένοντο,

246 2606 459 2660 τοῖσιν
505 2591 565 2659 δ’
610 2594 952 2675 Εὐπείθης
997 2591 1124 2656 ἀνά
1167 2589 1241 2657 θ’
1284 2594 1508 2657 ἵστατο
1555 2591 1665 2657 καὶ
1711 2591 2000 2676 μετέειπε
2015 2614 2030 2630 ·

244 2703 480 2777 παιδὸς
523 2699 649 2784 γάρ
696 2699 769 2764 οί
807 2699 1093 2793 ἄλαστον
1141 2696 1240 2763 ἐνὶ
1286 2696 1484 2784 φρεσὶ
1527 2698 1776 2775 πένθος
1821 2701 2062 2783 ἔκειτο,
2079 2700 2519 2811 wmwm³

239 2802 613 2887 Ἀντινόου,
657 2807 777 2871 τὸν
822 2816 1084 2889 πρῶτον
1133 2803 1411 2887 ἐνήρατο
1460 2806 1603 2880 δῖος
1642 2801 2012 2883 Ὀδυσσεύς.

138 2932 218 2972 426
244 2919 365 2975 τοῦ
410 2911 449 2975 ὅ
493 2932 567 2992 γε
615 2909 824 2991 δάκρυ
869 2907 1040 2993 χέων
1085 2908 1458 2995 ἀγορήσατο
1504 2908 1613 2974 καὶ
1658 2909 2018 2993 μετέειπεν·

335 3011 430 3099 ,,ὦ
478 3018 696 3100 φίλοι,
744 3009 786 3096 ἦ
832 3012 998 3096 μέγα
1045 3016 1244 3099 ἔργον
1290 3004 1460 3099 ἀνὴρ
1507 3014 1622 3079 ὅδε
1666 3013 1896 3099 μήσατ’
1940 3011 2263 3101 Ἀχαιούς·

244 3124 401 3197 τοὺς
444 3117 567 3203 μὲν
613 3122 740 3184 σὺν
785 3122 1059 3202 νήεσσιν
1104 3120 1287 3202 ἄγων
1329 3117 1577 3201 πολέας
1621 3142 1690 3184 τε
1735 3119 1844 3185 καὶ
1869 3119 2177 3198 ἐσθλοὺς

244 3226 445 3291 ὤλεσε
491 3221 613 3310 μὲν
658 3233 823 3308 νῆας
866 3225 1240 3310 γλαφυράς,
1287 3224 1416 3290 ἀπὸ
1464 3221 1526 3289 δ’
1574 3226 1779 3290 ὤλεσε
1821 3227 2052 3311 λαούς,

242 3335 398 3408 τοὺς
443 3328 506 3396 δ’
548 3330 769 3395 ἐλθὼν
815 3332 1061 3395 ἔκτεινε
1108 3332 1570 3414 Κεφαλλήνων
1617 3327 1714 3415 ὄχ’
1761 3329 2088 3416 ἀρίστους.

136 3459 218 3498 430
244 3432 656 3519 ἀλλ’ἀγετε,
698 3434 859 3521 πρὶν
905 3445 1145 3503 τοῦτον
1190 3436 1232 3520 ἢ
1278 3435 1347 3513 ἐς
1391 3438 1629 3501 Πύλον
1675 3431 1812 3501 ὦκα
1862 3436 2123 3504 ἱκέσθαι

241 3540 283 3624 ἢ
328 3539 437 3606 καὶ
485 3541 552 3618 ές
578 3539 827 3608 ”Ηλιδα
873 3542 1057 3627 δῖαν,
1105 3543 1220 3608 ὅθι
1266 3539 1660 3628 κρατέουσιν
1700 3541 1973 3628 Ἐπειοί,
