2650 3909
1261 26 1397 139 37

678 308 709 357 ρ
747 288 861 358 (17)
899 283 1177 351 ἐπάνοδος
1218 286 1544 358 Τηλεμάχου
1584 285 1664 350 εἰς
1693 285 1946 356 Ἰθάκην.
2236 284 2318 348 71

306 447 450 529 ἤτοι
496 446 533 510 ὅ
579 443 641 528 γ’
687 447 768 512 οὐ
815 447 993 531 σάφα
1039 443 1254 531 οἶδεν,
1299 446 1480 532 ἐμεῖο
1528 445 1603 513 δὲ
1649 449 1898 514 σύνθεο
1946 452 2197 531 μῦθον·

308 549 624 636 ἀτρεκέως
668 551 795 637 γάρ
839 574 944 616 τοι
988 552 1435 636 μαντεύσομαι
1480 549 1625 618 οὐδ’
1672 551 2007 617 ἐπικεύσω.

200 676 280 717 155
311 663 465 734 ἴστω
510 666 640 723 νῦν
689 658 857 732 Ζεὺς
900 662 1352 742 πρῶτα-θεῶν
1399 656 1578 740 ξενίη
1624 680 1692 721 τε
1736 657 2015 743 τράπεζα

310 763 480 845 ἱστίη
526 758 580 827 τ’
630 759 944 843 Ὀδυσῆος
988 758 1356 845 ἀμύμονος,
1401 762 1487 845 ἢν
1531 760 1867 845 ἀφικάνω,

309 867 398 943 ὡς
441 868 586 950 ἤτοι
624 862 938 942 Ὀδυσεὺς
980 866 1109 950 ἤδη
1157 846 1235 931 ἐν’
1273 868 1541 952 πατρίδι
1587 869 1773 952 γαίῃ,

305 972 546 1054 ἥμενος
590 970 632 1055 ἢ
678 971 929 1058 ἕρπων,
974 970 1131 1035 τάδε
1174 974 1592 1057 πευθόμενος
1634 972 1803 1038 κακὰ
1849 973 2038 1055 ἔργα,

308 1078 518 1161 ἔστιν,
563 1075 727 1159 ἀτὰρ
772 1085 1160 1160 μνηστῆρσι.
1182 1079 1387 1142 κακὸν
1432 1078 1747 1142 πάντεσσι
1793 1077 2089 1161 φυτεύει·

201 1193 280 1233 160
309 1176 430 1233 οἷον
468 1174 609 1247 ἐγὼν
646 1177 850 1233 οἰωνὸν
887 1174 1187 1248 ἐυσσέλμου
1225 1174 1319 1233 ἐπὶ
1356 1178 1491 1247 νηὸς

307 1264 510 1337 ἥμενος
547 1261 880 1336 ἐφρασάμην
917 1267 1015 1320 καὶ
1057 1265 1360 1340 Τηλεμάχῳ
1398 1261 1761 1341 ἐγεγῴνευν.“

394 1367 513 1431 τὸν
559 1362 618 1429 δ’
666 1359 821 1430 αὖτε
865 1363 1212 1450 προσέειπε
1256 1368 1603 1450 περίφρων
1649 1367 2090 1448 Πηνελόπεια·

398 1471 516 1553 ,,αἲ
556 1470 682 1554 γὰρ
727 1478 958 1552 τοῦτο,
1005 1467 1206 1550 ξεῖνε,
1254 1470 1408 1544 ἔπος
1452 1468 1913 1552 τετελεσμένον
1956 1475 2083 1550 εἴη·

307 1585 394 1638 τῶ
442 1598 514 1639 κε
559 1575 722 1658 τάχα
767 1577 998 1658 γνοίης
1041 1573 1362 1658 φιλότητά
1406 1597 1474 1639 τε
1523 1574 1735 1639 πολλά
1778 1596 1848 1638 τε
1896 1574 2077 1660 δῶρα

202 1700 280 1742 165
311 1678 375 1756 ἐξ
414 1671 611 1763 ἐμεῦ,
658 1680 745 1755 ὡς
789 1679 873 1743 ἄν
919 1681 1016 1754 τίς
1062 1695 1134 1743 σε
1183 1681 1673 1763 συναντόμενος
1716 1679 2118 1765 μακαρίζοι.“

397 1791 485 1869 ὣς
530 1793 602 1857 οἱ
640 1789 762 1877 μὲν
806 1801 1078 1858 τοιαῦτα
1121 1794 1287 1878 πρὸς
1334 1790 1661 1876 ἀλλήλους
1706 1791 2057 1878 ἀγόρευον·

309 1905 672 1982 μνηστῆρες
718 1894 794 1961 δὲ
837 1898 1167 1983 πάροιθεν
1205 1893 1567 1981 Ὀδυσσῆος
1611 1897 1924 1983 μεγάροιο
2015 1970 2033 1991 ς

309 2004 635 2067 δίσκοισιν
680 2000 997 2088 τέρποντο
1041 2001 1152 2067 καὶ
1198 2001 1583 2090 αἰγανέῃσιν
1631 2001 1864 2086 ἱέντες,
2011 1976 2315 2104 γυνά-’κο

310 2105 382 2171 ἐν
427 2114 638 2193 τυκτῷ
688 2105 983 2195 δαπέδῳ,
1030 2107 1146 2172 ὅθι
1191 2127 1312 2193 περ
1362 2107 1601 2190 πάρος,
1644 2107 1844 2191 ὕβριν
1890 2109 2163 2192 ἔχοντες.

202 2235 280 2275 170
309 2206 448 2276 ἀλλ’
496 2211 602 2276 ὅτε
651 2214 733 2295 δὴ
782 2213 1172 2301 δείπνηστος
1216 2213 1332 2294 ἔην
1377 2209 1489 2275 καὶ
1536 2210 1825 2294 ἐπήλυθε
1871 2216 2045 2295 μῆλα
2074 2200 2174 2267 Μ·
2211 2200 2292 2310 k*
2349 2214 2588 2275 Wkkw

307 2316 643 2382 πάντοθεν
691 2315 754 2393 ἐξ
803 2315 1057 2401 ἀγρῶν,
1113 2315 1184 2381 oc
1225 2312 1285 2378 δ’
1333 2317 1618 2398 ἤγαγον,
1674 2319 1744 2380 οἳ
1790 2318 1866 2380 τὸ
1911 2317 2119 2401 πάρος
2171 2338 2325 2401 περ,

307 2419 419 2485 καὶ
460 2424 607 2487 τότε
655 2422 737 2503 δή
786 2437 948 2504 σφιν
1004 2421 1175 2484 ἔειπε
1218 2417 1477 2484 Μέδων
1514 2456 1582 2466 —-
1621 2418 1694 2496 ὃς
1737 2420 1863 2505 γάρ
1909 2420 1995 2505 ῥα
2048 2422 2327 2504 μάλιστα

307 2527 556 2609 ἥνδανε
600 2526 909 2609 κηρύκων
926 2575 946 2610 ,
990 2528 1107 2589 καί
1146 2541 1306 2609 σφιν
1352 2528 1743 2610 παρεγίνετο
1791 2526 1971 2590 δαιτί
2001 2545 2095 2572 -·

400 2649 706 2724 »κοῦροῃ
752 2637 894 2705 ἐπεὶ
939 2642 1021 2723 δὴ
1067 2639 1306 2716 πάντες
1355 2637 1717 2724 ἐτέρφθητε
1762 2635 1953 2725 φρέν’
1998 2638 2297 2725 ἀέθλοις,

204 2766 282 2808 1⁷5
312 2746 585 2830 ἔρχεσθε
631 2747 795 2831 πρὸς
842 2739 1132 2830 δώμαθ’,
1177 2742 1266 2809 ἵν’
1318 2744 1747 2829 ἐντυνώμεθα
1793 2746 2009 2810 δαῖτα·

310 2850 392 2915 οὐ
437 2845 562 2934 μὲν
606 2850 733 2932 γάρ
777 2871 841 2915 τι
886 2849 1144 2937 χέρειον
1190 2850 1265 2915 ἐν
1311 2851 1452 2936 ὥρῃ
1500 2852 1773 2915 δεῖπνον
1820 2848 2150 2916 ἑλέσθαι.“

398 2962 487 3040 ὣς
532 2959 762 3046 ἔφαθ’,
808 2963 880 3027 οἰ
898 2961 902 2965 ⁴
920 2959 981 3027 δ’
1028 2961 1382 3039 ἀνστάντες
1428 2965 1590 3046 ἔβαν
1634 2966 1953 3028 πείθοντό
1997 2986 2067 3028 τε
2113 2966 2330 3052 μύθῳ.

309 3069 517 3154 αὐτὰρ
563 3067 711 3132 ἐπεί
752 3065 812 3153 ῤ’
857 3068 1083 3132 ἵκοντο
1131 3068 1378 3150 δόμους
1423 3067 1954 3150 εὐναιετάοντας,

309 3178 580 3257 χλαίνας
623 3170 746 3259 μὲν
799 3170 1155 3238 κατέθεντο
1200 3174 1364 3237 κατὰ
1419 3173 1738 3256 κλισμούς
1780 3194 1848 3236 τε
1894 3175 2187 3257 θρόνους
2230 3196 2331 3255 τε,

178 3296 287 3341 180
316 3280 388 3343 οἱ
428 3277 487 3344 δ’
544 3277 804 3365 ἱέρευον
850 3280 950 3354 ὄις
993 3276 1318 3362 μεγάλους
1363 3275 1476 3343 καὶ
1518 3281 1754 3353 πίονας
1797 3271 2015 3360 αἶγας,

311 3383 540 3468 ἵρευον
586 3381 661 3448 δὲ
706 3385 870 3461 σύας
916 3384 1186 3459 σιάλους
1230 3378 1341 3447 καὶ
1386 3386 1557 3465 βοῦν
1603 3382 1948 3466 ἀγελαίην,
2054 3358 2325 3483 §mu-mi

314 3484 483 3551 δαῖτ’
531 3487 977 3573 ἐντυνόμενοι.
977 3464 1170 3552 τοὶ
1218 3484 1279 3551 δ’
1326 3486 1393 3565 ἐξ
1439 3486 1673 3573 ἀγροῖο
1718 3490 1915 3553 πόλιν
1963 3483 2037 3553 δὲ

312 3588 678 3678 ὠτρύνοντ’
726 3591 1038 3669 Ὀδυσεύς
1081 3590 1139 3658 τ’
1183 3591 1354 3657 ἰέναι
1398 3589 1507 3657 καὶ
1555 3594 1699 3670 δῖος
1741 3592 2054 3680 ὑφορβός.
