2650 3909
20 268 57 333 ς
853 272 883 306 ο
922 255 1034 338 (15)
1078 252 1403 323 Τηλεμάχου
1441 247 1732 315 ἐπάνοδος.
2209 251 2298 314 45

286 421 438 497 σιγῇ
483 423 612 478 νῦν
659 412 867 490 ξυνίει
914 411 1024 478 καὶ
1068 412 1331 498 τέρπεο,
1374 412 1531 478 πῖνέ
1568 437 1638 478 τε
1684 408 1874 479 οἶνον

285 519 543 601 ἥμενος.
634 509 777 582 αἶδε
826 513 900 582 δὲ
943 519 1176 593 νύκτες
1221 516 1612 602 ἀθέσφατοι·
1659 521 1795 583 ἔστι
1842 513 1963 601 μὲν
2008 515 2230 580 εὕδειν
2246 563 2265 597 ,

287 625 424 688 ἔστι
472 618 546 686 δὲ
591 621 1092 707 τερπομένοισιν
1138 622 1439 688 ἀκούειν·
1487 621 1653 688 οὐδέ
1690 626 1761 687 τί
1799 638 1872 687 σε
1918 622 2072 706 χρή,

286 725 445 812 πρὶν
491 728 627 812 ὥρη
642 775 661 809 ,
703 726 1127 812 καταλέχθαι·
1174 726 1327 810 ἀνίη
1374 725 1484 792 καὶ
1529 730 1735 804 πολὺς
1778 727 2002 802 ὕπνος.

178 854 260 894 395
288 843 420 897 τῶν
467 829 527 896 δ’
573 833 793 898 ἄλλων
840 832 1027 897 ὅτινα
1072 833 1309 917 κραδίη
1357 830 1467 897 καὶ
1512 835 1732 917 θυμὸς
1776 832 2047 914 ἀνώγει,

288 936 531 1001 εὑδέτω
580 936 893 1015 ἐξελθών·
942 938 1073 1021 ἅμα
1120 935 1179 1001 δ’
1226 938 1343 1020 ἠοῖ
1382 936 1831 1021 φαινομένηφι

118 1126 123 1133 .
290 1039 795 1131 δειπνήσαςὶἅμ’
838 1043 1069 1107 ὕεσσιν
1115 1042 1583 1129 ἀνακτορίῃσιν
1630 1041 1907 1108 ἑπέσθω.

180 1126 193 1141 ⁰
287 1160 409 1214 νῶι
457 1146 515 1211 δ’
564 1145 665 1211 ἐνὶ
710 1151 928 1234 κλισίῃ
974 1146 1247 1212 πίνοντέ
1286 1171 1357 1212 τε
1403 1146 1778 1232 δαινυμένω
1823 1170 1891 1212 τε

288 1255 558 1336 κήδεσιν
604 1251 910 1335 ἀλλήλων
955 1253 1349 1338 τερπώμεθα
1396 1251 1835 1335 λευγαλέοισι,
2180 1311 2196 1331 ,

180 1381 264 1421 400
290 1356 680 1443 μνωομένω·
727 1358 886 1453 μετὰ
931 1357 1057 1442 γάρ
1103 1380 1169 1421 τε
1217 1355 1328 1422 καὶ
1375 1359 1603 1453 ἄ-λγεσι
1649 1356 1947 1440 τέρπεται
1990 1357 2158 1441 ἀνήρ
2170 1363 2372 1439 ,hwa

290 1464 362 1540 ὅς
406 1486 502 1539 τις
548 1464 630 1546 δὴ
678 1462 851 1545 μάλα
895 1461 1105 1527 πολλὰ
1152 1463 1338 1548 πάθῃ
1384 1461 1496 1527 καὶ
1540 1459 1729 1528 πόλλ’
1775 1461 2095 1546 ἐπαληθῇ.
2183 1416 2543 1515 αἲῦωῶ,

290 1579 484 1634 τοῦτο
533 1566 613 1632 δέ
651 1590 754 1632 τοι
802 1563 996 1651 ἐρέω,
1042 1566 1078 1631 ὅ
1124 1564 1190 1653 μ’
1237 1566 1528 1653 ἀνείρεαι
1574 1563 1693 1650 ἠδὲ
1738 1572 2074 1653 μεταλλᾷς.

290 1676 492 1758 νῆσός
534 1695 634 1749 τις
679 1676 897 1754 Συρίη
943 1675 1390 1757 κικλήσκεται,
1436 1680 1506 1737 εἴ
1540 1694 1670 1738 που
1718 1672 2008 1755 ἀκούεις,

285 1777 626 1861 Ὀρτυγίης
669 1780 1135 1864 καθύπερθεν,
1181 1778 1298 1843 ὅθι
1343 1778 1581 1864 τροπαὶ
1624 1752 2212 1890 ἠελίοιο,ῧννκ«υζυὶ
2260 1758 2446 1868 μία-ι
2467 1808 2489 1849 a

180 1905 262 1944 405
290 1885 373 1949 οὕ
419 1906 481 1948 τι
528 1885 940 1983 περιπληθὴς
984 1888 1136 1967 λίην
1180 1864 1468 1967 τόσον,’”
1455 1881 1601 1950 ἀλλ’
1648 1883 1867 1968 ἀγαθὴ
1914 1873 2360 2031 winwed„
2390 1907 2604 1957 W...

291 1990 591 2072 εὔβοτος,
638 1989 958 2071 εὔμηλος,
1004 1990 1444 2073 οἰνοπληθής,
1488 1990 1886 2074 πολύπυρος.
2349 1955 2535 2061 ‘fimo

289 2098 481 2177 πείνη
531 2089 592 2157 δ’
639 2093 720 2158 οὕ
766 2114 919 2158 ποτε
969 2094 1181 2176 δῆμον
1227 2092 1586 2179 ἐσέρχεται,
1633 2093 1799 2158 οὐδέ
1835 2118 1934 2171 τις
1977 2094 2141 2177 ἄλλη

290 2209 533 2275 νοῦσος
580 2195 685 2262 ἐπὶ
732 2199 1014 2282 στυγερὴ
1061 2196 1323 2263 πέλεται
1371 2199 1650 2264 δειλοῖσι
1694 2203 2059 2285 βροτοῖσιν·

292 2302 435 2370 ἀλλ’
483 2304 591 2368 ὅτε
637 2303 1016 2386 γηράσκωσι
1062 2306 1258 2368 πόλιν
1303 2304 1466 2367 κάτα
1511 2301 1668 2388 φῦλ’
1713 2304 2120 2387 ἀνθρώπων,

182 2430 266 2469 410
295 2408 519 2474 ἐλθὼν
566 2404 1007 2493 ἀργυρότοξος
1045 2400 1379 2472 Ἀπόλλων
1416 2405 1744 2493 Ἀρτέμιδι
1791 2409 1910 2486 ξὺν

294 2506 394 2590 οἷς
439 2512 709 2595 ἀγανοῖς
754 2509 1093 2596 βελέεσσιν
1139 2510 1565 2598 ἐποιχόμενος
1610 2510 2031 2597 κατέπεφνεν.

293 2621 463 2683 ἔνθα
510 2618 649 2681 δύω
695 2619 948 2699 πόλιες,
995 2617 1146 2701 δίχα
1193 2614 1276 2681 δέ
1318 2633 1509 2701 σφισι
1553 2618 1766 2683 πάντα
1813 2617 2148 2683 δέδασται·

291 2731 482 2808 τῇσιν
530 2719 592 2786 δ’
636 2720 1042 2809 ἀμφοτέρῃσι
1088 2724 1301 2808 πατὴρ
1350 2722 1503 2807 ἐμὸς
1548 2723 1962 2809 ἐμβασίλευε,

291 2828 579 2910 Κτήσιος
615 2824 1026 2911 Ὀρμενίδης,
1073 2827 1427 2905 ἐπιείκελος
1471 2828 1925 2895 ἀθανάτοισιν.

180 2954 265 2994 415
294 2935 463 2998 ἔνθα
512 2928 586 2996 δὲ
635 2935 943 3008 Φοίνικες
987 2930 1415 2998 ναυσικλυτοὶ
1460 2935 1720 3015 ἤλυθον
1765 2935 2033 3018 ἄνδρες,
2171 3002 2184 3020 ,
2349 2998 2394 3017 ,-

65 3042 240 3112 Ἂε-ιμ
291 3048 603 3141 '‘Q‘’
650 3033 832 3120 μυρί’
876 3038 1147 3119 ἄγοντες
1192 3037 1544 3136 ἀθύρματα
1587 3037 1700 3122 νηὶ
1746 3041 2039 3124 μελαίνῃ.
2099 3026 2408 3099 'Uxafflssklo

36 3108 441 3208 (Quone
492 3138 567 3206 δὲ
602 3143 847 3225 πατρὸς
892 3139 1077 3224 ἐμοῖο
1124 3144 1293 3237 Q
1345 3141 1647 3209 Φοίνισσ’
1694 3140 1795 3206 ἐνὶ
1840 3148 2031 3229 οἴκῳ,
2151 3174 2200 3203 α.
2225 3160 2548 3195 ωυνωμψ

293 3248 461 3329 καλή
507 3268 574 3310 τε
624 3246 872 3330 μεγάλη
918 3268 987 3311 τε
1033 3243 1144 3310 καὶ
1189 3246 1402 3329 ἀγλαὰ
1448 3246 1582 3332 ἔργ’
1626 3248 1868 3312 εἰδυῖα·

294 3352 418 3435 τὴν
467 3349 529 3416 δ’
571 3353 698 3436 ἄρα
748 3354 1056 3426 Φοίνικες
1099 3354 1586 3416 πολυπαίπαλοι
1630 3351 2060 3437 ἠπερόπευον.

180 3479 263 3518 420
291 3457 638 3540 πλυνούσῃ
682 3480 780 3532 τις
824 3467 1049 3541 πρῶτα
1093 3454 1252 3545 μίγη
1297 3460 1487 3541 κοίλῃ
1532 3458 1707 3540 παρὰ
1751 3455 1863 3541 νηὶ

248 3560 257 3569 ’
295 3561 460 3646 εὐνῇ
507 3559 617 3625 καὶ
663 3565 998 3646 φιλότητι,
1043 3563 1122 3627 τά
1166 3586 1234 3627 τε
1280 3560 1528 3648 φρένας
1571 3563 1959 3649 ἠπεροπεύει
