2650 3909
337 185 423 249 88
816 203 850 241 σ
884 189 996 257 (18)
1026 183 1333 248 Ὀδυσσέως
1369 183 1468 239 καὶ
1493 181 1644 254 Ἴρου
1680 181 1884 253 πυγμή.

258 370 311 409 το
338 349 491 432 ἄγχι
535 345 982 432 παρισταμένη
1030 345 1203 433 μέλε’
1247 349 1494 441 ἤλδανε
1539 347 1804 433 ποιμένι
1850 354 2045 414 λαῶν.
2070 359 2302 418 Μαιώ-
2326 315 2536 476 τρυε

343 461 706 538 μνηστῆρες
753 450 815 517 δ’
861 455 989 538 ἄρα
1033 455 1269 531 πάντες
1313 455 1734 540 ὑπερφιάλως
1779 453 2138 536 ἀγάσαντο·

339 551 467 622 ὧδε
515 557 596 622 δέ
633 581 733 634 τις
777 565 1079 625 εἴπεσκεν
1127 561 1290 624 ἰδὼν
1339 559 1405 635 ἐς
1448 563 1730 644 πλησίον
1776 560 2007 624 ἄλλον·

428 658 511 747 ,,ἦ
558 663 720 749 τάχα
750 656 924 747 Ἶρος
951 662 1175 750 ’Ἀιρος
1220 663 1619 747 ἐπισπαστὸν
1665 666 1876 729 κακὸν
1914 657 2533 781 ἓξει,ωνιΜΜψ-Τ
2609 731 2627 780 4

337 770 489 853 οἵην
533 768 605 834 ἐκ
652 768 909 854 ῥακέων
954 769 990 834 ὁ
1036 767 1250 854 γέρων
1297 767 1686 852 ἐπιγουνίδα
1730 769 2015 853 φαίνει.“

258 893 309 934 '15
427 873 517 951 ὣς
562 871 665 959 ἄρ’
713 876 914 958 ἔφαν,
943 872 1100 962 Ἴρῳ
1148 868 1222 937 δὲ
1267 883 1481 950 κακῶς
1527 872 1801 959 ὠρίνετο
1846 877 2079 957 θὐμός.

338 978 505 1044 ἀλλὰ
548 977 658 1044 καὶ
704 973 790 1055 ὥς
836 980 1194 1063 δρηστῆρες
1236 979 1404 1061 ἄγον
1454 980 1769 1056 ζώσαντες
1814 977 2066 1062 ἀνάγκῃ

340 1085 656 1150 δειδιότα·
704 1084 938 1169 σάρκες
985 1080 1059 1148 δὲ
1102 1082 1609 1170 περιτρομέοντο
1655 1081 1979 1167 μέλεσσιν.

329 1188 666 1267 Ἀντίνοος
712 1187 771 1254 δ’
820 1187 1121 1255 ἐνένιπεν
1167 1191 1320 1266 ἔπος
1363 1186 1419 1253 τ’
1465 1186 1649 1273 ἔφατ’
1696 1192 1768 1254 ἔκ
1813 1186 1867 1253 τ’
1915 1188 2217 1274 ὀνόμαζε·

429 1304 601 1379 ,,νῦν
647 1291 769 1380 μὲν
815 1291 962 1379 μήτ’
1005 1301 1175 1380 εἴης,
1219 1295 1527 1378 βοργάιε,
1571 1297 1729 1378 μήτε
1775 1293 2031 1378 γένοιο,
2181 1259 2491 1363 ΩΜΉΨΓ
2615 1307 2626 1322 ”

259 1422 311 1461 so
340 1403 402 1467 εἰ
445 1402 527 1484 δὴ
574 1398 812 1466 τοῦτόν
858 1424 933 1484 γε
978 1397 1271 1485 τρομέεις
1316 1397 1427 1464 καὶ
1474 1400 1725 1475 δείδιας
1770 1401 1999 1482 αἰνῶς,
2049 1436 2053 1440 <

339 1509 553 1594 ἄνδρα
598 1505 908 1591 γέροντα,
957 1506 1082 1592 δύῃ
1130 1503 1494 1591 ἀρημένον,
1539 1506 1581 1588 ἥ
1627 1529 1743 1589 μιν
1792 1506 2017 1570 ίκάνει.
2599 1507 2630 1561 ⁴

339 1609 481 1677 ἀλλ’
527 1615 598 1677 ἔκ
642 1634 746 1678 τοι
793 1610 986 1696 ἐρέω,
1031 1614 1105 1676 τὸ
1153 1607 1227 1675 δὲ
1271 1608 1383 1674 καὶ
1427 1608 1890 1693 τετελεσμένον
1936 1613 2142 1674 ἔσται·

341 1724 418 1782 αἴ
453 1715 568 1782 κέν
615 1714 672 1781 σ’
720 1712 915 1792 οὗτος
959 1717 1197 1800 νικήσῃ
1242 1717 1568 1795 κρείσσων
1615 1737 1683 1778 τε
1729 1712 2024 1797 γένηται,

341 1821 575 1907 πέμψω
623 1819 680 1886 σ’
727 1824 1002 1905 ἤπειρον
1049 1817 1155 1902 δέ,
1200 1820 1426 1903 βαλὼν
1473 1818 1547 1883 έν
1591 1816 1704 1902 νηὶ
1750 1822 2054 1904 μελαίνῃ,

262 1947 313 1987 85
342 1929 437 2003 εἰς
463 1925 734 2011 Ἔχετον
779 1929 1091 2009 βασιλῆα,
1137 1927 1397 2009 βροτῶν
1444 1923 1786 2006 δηλήμονα
1831 1924 2127 2007 πάντων,

343 2031 415 2107 ὅς
458 2028 518 2096 κ’
562 2019 689 2096 ἀπὸ
736 2030 889 2116 ῥῖνα
934 2028 1175 2113 τάμῃσι
1220 2025 1331 2094 καὶ
1378 2029 1584 2093 οὔατα
1628 2028 1814 2111 νηλέι
1860 2033 2110 2117 χαλκῷ,

26 2163 107 2252 ἐκ..
128 2134 287 2236 pwxso
343 2136 552 2224 μήδεά
598 2134 651 2199 τ’
699 2135 1005 2220 ἐξερύσας
1051 2135 1190 2221 δώῃ
1237 2132 1434 2200 κυσὶν
1480 2134 1624 2218 ὠμὰ
1671 2134 2064 2200 δάσασθαι.“

432 2241 520 2318 ὣς
563 2241 757 2326 φάτο,
801 2249 892 2327 τῷ
932 2236 992 2304 δ’
1040 2241 1133 2304 ἔτι
1179 2244 1435 2325 μᾶλλον
1472 2240 1601 2307 ὑπὸ
1638 2244 1879 2326 τρόμος
1916 2243 2148 2325 ἔλλαβε
2185 2251 2359 2325 γυῖα.

345 2348 410 2426 ἐς
455 2345 701 2433 μέσσον
747 2344 807 2411 δ’
851 2348 1129 2429 ἄναγον·
1178 2347 1267 2410 τὼ
1316 2343 1379 2410 δ’
1423 2347 1617 2431 ἄμφω
1664 2358 1883 2433 χεῖρας
1929 2345 2227 2432 ἀνέσχον.

265 2475 317 2514 90
345 2456 429 2539 δὴ
475 2457 620 2519 τότε
664 2451 1018 2537 μερμήριξε
1063 2452 1392 2527 πολύτλας
1438 2452 1580 2528 δῖος
1620 2448 2001 2534 Ὀδυσσεύς,

345 2561 385 2645 ἢ
433 2556 672 2625 ἐλάσει’
714 2559 803 2634 ὥς
847 2582 963 2640 μιν
1008 2559 1186 2642 ψυχὴ
1235 2560 1415 2622 λίποι
1461 2551 1627 2620 αὖθι
1670 2559 1986 2638 πεσόντα,
2593 2590 2628 2609 ν

28 2659 249 2784 ζζῆψιὶ
344 2661 426 2749 ἦέ
466 2688 583 2748 μιν
627 2657 731 2748 ἦκ’
775 2661 1028 2758 ἐλάσειε
1076 2658 1461 2727 τανύσσειέν
1507 2658 1562 2725 τ’
1615 2658 1720 2724 ἐπὶ
1764 2665 1935 2747 γαίῃ.
2013 2631 2200 2717 &Lu

346 2764 475 2834 ὧδε
522 2766 602 2833 δέ
643 2767 714 2832 οἰ
753 2765 1106 2851 φρονέοντι
1155 2765 1482 2831 δοάσσατο
1528 2761 1796 2848 κέρδιον
1841 2760 2044 2849 εἶναι,

345 2870 450 2958 ἦκ’
490 2871 749 2953 ἐλάσαι,
794 2873 906 2936 ἵνα
950 2875 1038 2956 μή
1086 2895 1200 2955 μιν
1249 2867 1746 2962 ἐπιφρασσαίατ’
1791 2869 2059 2956 Ἀχαιοί.
2073 2857 2226 2940 ΠΜ..
2257 2865 2426 2938 nauffi-
2478 2893 2558 2970 Q

266 2998 318 3038 95
347 2981 430 3063 δὴ
477 2975 610 3044 τότ’
653 2974 1080 3068 ἀνασχομένω
1128 2977 1165 3041 ὁ
1211 2971 1336 3059 μὲν
1380 2976 1580 3057 ἤλασε
1630 2975 1849 3053 δεξιὸν
1896 2973 2079 3060 ὦμον
2527 2965 2540 2982 ¹

335 3079 534 3170 Ἶρος,
582 3084 618 3150 ὁ
666 3081 727 3149 δ’
771 3078 995 3167 αὐχέν’
1037 3083 1312 3154 ἔλασσεν
1357 3077 1468 3145 ὑπ’
1517 3081 1784 3164 οὔατος,
1830 3081 2021 3147 ὀστέα
2068 3080 2130 3147 δ’
2172 3088 2326 3147 εἴσω

347 3195 658 3258 ἔθλασεν·
707 3190 939 3255 αὐτίκα
986 3185 1049 3253 δ’
1089 3182 1300 3270 ἦλθεν
1349 3184 1477 3250 ἀνὰ
1523 3190 1731 3270 στόμα
1775 3190 2043 3270 φοίνιον
2089 3179 2280 3271 αἷμα,

348 3298 474 3362 κὰδ
520 3290 581 3361 δ’
626 3293 804 3360 ἔπεσ’
849 3293 922 3358 ἐν
967 3295 1228 3379 κονίῃσι
1274 3293 1525 3375 μακών,
1571 3294 1699 3356 σὺν
1746 3289 1807 3355 δ’
1853 3290 2039 3373 mae?
2087 3294 2365 3370 ὀδόντας

350 3402 664 3478 λακτίζων
710 3396 866 3464 ποσὶ
910 3389 1126 3481 γαῖαν.
1218 3396 1381 3482 ἀτὰρ
1428 3404 1793 3481 μνηστῆρες
1837 3395 2075 3480 ἀγαυοὶ

245 3526 322 3566 100
349 3514 568 3591 χεῖρας
614 3503 1052 3588 ἀνασχόμενοι
1097 3500 1267 3591 γέλῳ
1315 3504 1623 3567 ἔκθανον.
1716 3502 1923 3589 αὐτὰρ
1965 3500 2314 3584 Ὀδυσσεὺς
