2650 3909
384 262 468 325 96
863 278 895 314 σ
930 263 1042 331 (18)
1074 260 1376 324 Ὀδυσσέως
1412 261 1508 317 καὶ
1537 259 1685 333 Ἴρου
1721 262 1930 333 πυγμή.

385 421 590 507 αὐτὰρ
637 422 764 505 ἐγὼ
806 424 1100 488 τούτοισι
1146 424 1316 506 φάος
1358 423 1673 488 πάντεσσι
1718 422 1992 509 παρέξω.

383 529 468 611 ἤν
512 548 635 612 περ
682 527 808 613 γάρ
854 526 913 592 κ’
965 526 1289 593 ἐθέλωσιν
1338 528 1671 614 ἐύθρονον
1708 527 1845 593 Ἠῶ
1892 533 2188 613 μίμνειν,

385 633 466 698 οὔ
512 636 582 696 τί
621 656 700 716 με
745 633 1119 716 νικήσουσι·
1164 635 1604 717 πολυτλήμων
1651 629 1726 698 δὲ
1771 630 1921 716 μάλ’
1966 633 2160 718 είμί.“

276 772 360 811 320
477 746 566 823 ὣς
612 745 842 832 ἔφαθ’,
889 748 964 811 αἱ
1004 743 1067 812 δ’
1112 746 1504 831 ἐγέλασσαν,
1550 746 1616 823 ἐς
1660 745 1946 831 ἀλλήλας
1993 742 2065 812 δὲ
2112 749 2351 813 ἔδοντο.

384 854 501 918 τὸν
548 848 609 915 δ’
655 855 936 940 αἰσχρῶς
982 850 1238 916 ἐνένιπε
1284 852 1630 916 Μελανθὼ
1675 853 2147 938 καλλιπάρῃος,

384 958 505 1041 τὴν
551 960 798 1034 Δολίος
843 953 964 1040 μὲν
1010 960 1247 1041 ἔτικτε,
1291 960 1565 1040 κόμισσε
1613 954 1687 1022 δὲ
1735 961 2185 1043 Πηνελόπεια,

112 1041 253 1166 ΒΥ
384 1065 587 1127 παῖδα
634 1058 708 1127 δὲ
754 1062 843 1139 ὣς
887 1062 1218 1146 ἀτίταλλε,
1266 1063 1461 1127 δίδου
1509 1059 1571 1128 δ’
1624 1057 1729 1149 ἄρ’
1779 1063 2129 1155 ἀθύρματα
2174 1071 2398 1154 θυμῷ·

386 1164 530 1232 ἀλλ’
577 1164 723 1232 οὐδ’
773 1163 861 1244 ὧς
905 1170 1007 1251 ἔχε
1053 1167 1303 1244 πένθος
1351 1167 1450 1234 ἐνὶ
1497 1166 1694 1254 φρεσὶ
1739 1157 2421 1261 Πηνελοπείης,(ῠ’ῐ-ι’·)

276 1297 358 1337 325
385 1266 530 1337 ἀλλ’
571 1273 614 1355 ἥ
662 1270 723 1355 γ’
770 1273 1144 1362 Εὐρυμάχῳ
1191 1272 1575 1358 μισγέσκετο
1620 1272 1731 1339 καὶ
1776 1273 2133 1358 φιλέεσκεν.

382 1379 425 1461 ἥ
473 1372 534 1463 ῤ’
578 1372 840 1461 Ὀδυσῆ’
885 1377 1184 1444 ἐνένιπεν
1231 1379 1578 1456 ὀνειδείοις
1623 1379 1904 1445 ἐπέεσσι·

474 1491 688 1576 »ξεῖνε
734 1494 963 1577 τάλαν,
1010 1496 1168 1578 σύγε
1216 1517 1313 1570 τις
1349 1492 1597 1579 φρένας
1633 1493 2196 1578 ἐκπεπαταγμένος
2236 1494 2401 1577 ἐσσί,

386 1594 530 1663 οὐδ’
577 1597 830 1676 ἐθέλεις
874 1599 1094 1663 εὕδειν
1139 1601 1457 1684 χαλκήιον
1505 1598 1572 1675 ἐς
1618 1601 1826 1682 δόμον
1874 1597 2095 1664 ἐλθὼν

384 1702 465 1787 ἠέ
503 1725 634 1768 που
680 1702 746 1779 ἐς
792 1702 1064 1801 λέσχην,
1109 1701 1249 1768 ἀλλ’
1298 1703 1543 1769 ἐνθάδε
1585 1702 1777 1768 πόλλ’
1823 1703 2163 1789 ἀγορεύεις
2193 1717 2415 1805 ottae-4
2453 1693 2624 1797 μαι

275 1818 356 1856 330
384 1803 714 1875 θαρσαλέως
750 1809 1000 1859 πολλοῖσι
1036 1802 1155 1875 μετ’
1190 1804 1492 1875 ἀνδράσιν,
1530 1803 1664 1859 οὐδέ
1700 1825 1754 1858 τι
1788 1808 1955 1878 θυμῷ

384 1894 622 1965 ταρβεῖς.
696 1885 731 1960 ἦ
770 1890 844 1963 ῥά
882 1910 941 1947 σε
980 1889 1131 1955 οἶνος
1169 1890 1284 1962 ἔχει
1321 1890 1559 1962 φρένας,
1596 1891 1634 1958 ἥ
1670 1892 1739 1947 νύ
1776 1912 1863 1947 τοι
1901 1890 2016 1947 αἰεὶ

384 1989 633 2043 τοιοῦτος
669 1977 801 2042 νόος
838 1976 1015 2046 ἐστίν,
1053 1977 1083 2034 ὃ
1121 1978 1218 2033 καὶ
1254 1979 1576 2064 μεταμώνια
1614 1979 1814 2051 βάζεις.
1934 1951 2070 2034 {AL-

383 2067 425 2155 ἦ
473 2071 724 2153 ἀλύεις,
771 2070 871 2134 ὅτι
905 2062 1083 2155 Ἶρον
1129 2069 1433 2154 ἐνίκησας
1476 2073 1593 2136 τὸν
1639 2069 1914 2155 ἀλήτην;

386 2179 473 2261 μή
520 2179 619 2252 τίς
661 2198 766 2242 τοι
810 2174 972 2260 τάχα
1006 2173 1186 2261 Ἴρου
1232 2174 1523 2260 ἀμείνων
1568 2177 1766 2252 ἄλλος
1809 2176 2089 2262 ἀναστῇ,

277 2307 359 2347 335
387 2281 461 2358 ὅς
504 2285 603 2357 τίς
649 2278 708 2346 σ’
753 2278 921 2365 ἀμφὶ
965 2281 1131 2367 κάρη
1178 2281 1471 2358 κεκοπὼς
1512 2280 1699 2367 χερσὶ
1746 2286 2090 2368 στιβαρῇσι

386 2389 684 2471 δώματος
728 2385 1093 2473 ἐκπέμψῃσι
1139 2386 1430 2474 φ-σρύζας
1475 2388 1696 2472 αἵματι
1742 2389 2026 2474 πολλῷ.·“

474 2504 597 2586 τὴν
618 2500 676 2566 δ’
706 2499 811 2587 ἄρ’
836 2501 1097 2586 ὑπόδρα
1123 2502 1287 2566 ἰδὼν
1315 2500 1613 2587 προσέφη
1642 2503 2002 2586 πολύμητις
2023 2499 2398 2582 Ὀδυσσεύς·

476 2612 557 2700 ,,ἧ
606 2616 768 2701 τάχα
823 2615 1176 2703 Τηλεμάχῳ
1224 2614 1418 2700 ἐρέω,
1461 2618 1658 2698 κύον,
1704 2607 1790 2681 οἷ’
1835 2616 2206 2702 ἀγορεύεις,

386 2716 547 2787 κεΐσ’
595 2721 846 2802 ἐλθών,
891 2721 1003 2784 ’ἵνα
1051 2718 1109 2784 σ’
1155 2715 1319 2785 αὖθι
1368 2722 1479 2785 διὰ
1524 2724 1810 2805 μελεϊστὶ
1855 2722 2198 2808 τάμῃσιν.“

277 2861 362 2900 340
479 2835 566 2910 ὣς
609 2834 812 2898 εἰπὼν
860 2830 1117 2898 ἐπέεσσι
1165 2835 1534 2917 διεπτοίησε
1580 2846 1913 2918 γυναῖκας.

387 2942 517 3026 βὰν
562 2937 625 3004 δ’
669 2945 884 3022 ἴμεναι
932 2939 1063 3003 διὰ·
1090 2940 1306 3023 δῶμα,
1355 2941 1563 3005 λύθεν
1611 2937 1672 3004 δ’
1716 2939 1844 3006 ὑπὸ
1892 2952 2049 3024 γυῖα
2095 2940 2366 3027 ἑκάστης

388 3045 791 3131 ταρβοσύνῃ·
840 3045 976 3128 φὰν
1023 3045 1148 3130 γάρ
1195 3068 1309 3128 μιν
1357 3044 1609 3128 ἀληθέα
1655 3048 2108 3130 μυθήσασθαι.
2446 3115 2456 3129 ,

388 3152 593 3237 αὐτὰρ
641 3151 676 3217 ὁ
723 3152 855 3236 πὰρ
903 3155 1268 3236 λαμπτῆρσι
1314 3154 1609 3238 φαείνων
1654 3150 2113 3236 αἰθομένοισιν
2132 3132 2588 3262 ῦωὼψὲςιαρΊ-ἱῖ

391 3254 643 3339 ἑστήκει
689 3255 755 3333 ἐς
794 3256 1048 3333 πάντας
1093 3256 1451 3341 ὁρώμενος·
1499 3259 1665 3322 ἄλλα
1712 3256 1791 3322 δέ
1833 3258 1903 3322 οἱ
1942 3267 2064 3344 κῆρ

280 3387 362 3427 345
391 3363 677 3445 ὥρμαινε
724 3359 963 3446 φρεσὶν
1009 3355 1196 3447 ᾖσιν,
1241 3362 1284 3426 ἅ
1331 3360 1392 3447 ῤ’
1438 3361 1559 3427 οὐκ
1605 3360 1912 3426 ἀτέλεστα
1958 3361 2248 3445 γένοντο.

480 3484 851 3559 μνηστῆρας
897 3474 958 3539 δ’
1000 3476 1082 3541 οὐ
1126 3477 1397 3560 πάμπαν
1444 3475 1774 3560 ἀγήνορας
1817 3481 1919 3541 εἴα
1958 3475 2208 3563 Ἀθήνη

392 3582 607 3664 λώβης
654 3585 958 3665 ἴσχεσθαι
1002 3580 1412 3665 θυμαλγέος,
1459 3577 1610 3665 ὄφρ’
1655 3582 1748 3645 ἔτι
1794 3587 2047 3668 μᾶλλον
