2650 3909
862 224 892 259 ο
932 207 1045 274 (15)
1090 204 1416 275 Τηλεμάχου
1455 202 1746 268 ἐπάνοδος.
2227 204 2314 265 49

188 384 269 425 515
294 376 552 451 χεῖρον,
610 364 758 429 ἐπεί
795 388 898 430 τοι
947 364 1074 448 ἐγὼ
1121 361 1243 448 μὲν
1290 364 1688 449 ἀπέσσομαι,
1736 366 1817 430 οὐ
1864 364 1945 430 δέ
1987 382 2059 429 σε
2106 367 2317 448 μήτηρ

296 471 549 548 ὄψεται·
599 470 681 535 οὐ
727 466 849 553 μὲν
895 470 1021 555 γάρ
1067 494 1130 534 τι
1174 471 1361 554 θαμὰ
1407 467 1766 554 μνηστῆρσ’
1813 468 1913 536 ἐνὶ
1961 476 2121 557 οἴκῳ

296 561 631 668 φαίνεται,
676 573 819 640 ἀλλ’
868 575 995 640 ἀπὸ
1041 586 1176 640 τῶν
1221 575 1527 663 ὑπερωίῳ
1578 577 1762 641 ἰστὸν
1808 577 2098 659 ὑφαίνει.

295 679 466 774 ἀλλά
509 703 612 744 τοι
659 681 864 745 ἄλλον
909 691 1096 764 φῶτα
1141 681 1633 765 πιφαύσκομαι,
1680 681 1759 744 ὄν
1804 703 1919 746 κεν
1963 681 2168 761 ἵκοιο,

298 785 734 870 Εὐρύμαχον,
779 787 1123 868 Πολύβοιο
1173 787 1538 871 δαΐφρονος
1582 786 1832 869 ἀγλαὸν
1877 786 2064 867 υἱόν,

193 908 272 948 520
298 891 417 954 τὸν
460 899 589 954 νῦν
638 884 747 953 ἶσα
793 895 932 976 θεῷ
974 887 1340 974 Ἰθακήσιοι
1386 893 1761 976 εἰσορόωσι·

298 991 407 1059 καὶ
454 994 579 1080 γὰρ
626 997 879 1059 πολλὸν
928 996 1196 1079 ἄριστος
1239 995 1410 1080 ἀνὴρ
1458 995 1747 1080 μέμονέν
1791 1018 1860 1060 τε
1906 995 2187 1079 μάλιστα

300 1095 523 1183 μητέρ’
570 1098 735 1184 ἐμὴν
782 1098 1052 1183 γαμέειν
1098 1098 1209 1165 καὶ
1249 1098 1610 1184 Ὀδυσσῆος
1654 1099 1849 1184 γέρας
1894 1099 2084 1179 ἕξειν.

300 1205 467 1271 ἀλλὰ
512 1205 590 1268 τά
634 1227 709 1286 γε
757 1206 927 1280 Ζεὺς
954 1200 1157 1298 οἶδεν
1198 1203 1587 1289 Ὀλύμπιος,
1633 1203 1855 1291 αἰθέρι
1901 1209 2142 1287 ναίων,

48 1279 368 1393 mma-{15
403 1308 485 1375 κέ
523 1326 641 1393 σφι
686 1311 814 1394 πρὸ
861 1309 1101 1392 γάμοιο
1148 1311 1522 1392 τελευτήσει
1567 1312 1772 1375 κακὸν
1816 1306 2054 1396 ἧμαρ.“

194 1432 273 1473 525
390 1416 478 1491 ὣς
523 1416 668 1500 όέρα4
697 1415 770 1479 οἱ
809 1416 1062 1479 εἰπόντι
1109 1411 1425 1479 ἐπέπτατο
1474 1413 1687 1492 δεξιὸς
1732 1417 1953 1498 ὅρνις,

302 1524 555 1604 κίρκος,
593 1517 1010 1595 ’Λπόλλωνος
1054 1520 1255 1603 ταχὺς
1300 1520 1601 1601 ἄγγελος·
1652 1518 1725 1583 ἐν
1772 1516 1845 1583 δὲ
1890 1519 2165 1583 πόδεσσι
2379 1589 2439 1614 Ρ

301 1630 478 1690 τίλλε
523 1623 792 1689 πέλειαν
840 1627 1044 1709 ἔχων,
1087 1625 1251 1688 κατὰ
1297 1619 1373 1688 δὲ
1419 1625 1624 1708 πτερὰ
1668 1634 1861 1708 χεῦεν
1906 1625 2089 1721 ἔραζε
2144 1612 2211 1682 fo
2265 1611 2505 1681 ιυυίΛ»

303 1734 629 1814 μεσσηγὺς
673 1733 834 1814 νηός
879 1752 947 1794 τε
993 1731 1105 1794 καὶ
1153 1729 1362 1796 αὐτοῦ
1417 1730 1843 1814 Τηλεμάχοιο.

302 1839 419 1901 τὸν
466 1832 541 1900 δὲ
589 1836 1050 1917 Θεοκλύμενος
1097 1831 1350 1919 ἑτάρων
1398 1834 1526 1898 ἄπο
1574 1837 1775 1918 νόσφι
1821 1830 2142 1910 καλέσσας

196 1957 276 1998 5³0
302 1942 375 2006 ἔν
418 1935 475 2005 τ’
519 1942 647 2023 ἄρα
693 1940 767 2005 οἱ
805 1949 901 2024 φῦ
946 1937 1116 2024 χειρὶ
1164 1941 1319 2015 ἔπος
1363 1936 1420 2003 τ’
1467 1936 1650 2023 ἔφατ’
1706 1941 1778 2003 ἔκ
1823 1937 1879 2003 τ’
1923 1939 2227 2022 ὀνόμαζε·

393 2093 434 2129 ,,
446 2042 798 2128 Τηλέμαχ’,
844 2045 924 2110 οὔ
971 2068 1074 2109 τοι
1122 2046 1284 2110 ἄνευ
1331 2050 1501 2108 θεοῦ
1547 2045 1782 2109 ἔπτατο
1832 2041 2046 2121 δεξιὸς
2090 2045 2298 2129 ὅρνις·

303 2152 517 2233 ἔγνων
564 2149 691 2234 γάρ
738 2173 855 2233 μιν
902 2148 969 2225 ἐς
1011 2150 1178 2213 ἄντα
1225 2149 1393 2213 ἰδὼν
1440 2151 1686 2214 οἰωνὸν
1734 2148 1944 2214 ἐόντα.

302 2253 622 2338 ὑμετέρου
670 2248 730 2318 δ’
777 2253 899 2318 οὐκ
944 2254 1082 2317 ἔστι
1128 2251 1360 2335 γένευς
1404 2255 1877 2336 βασιλεύτερον
1923 2254 2086 2318 ἄλλο

305 2357 379 2422 έν
426 2358 610 2445 δήμφ
650 2352 949 2438 Ἰθάκης,
994 2352 1139 2418 ἀλλ’
1185 2356 1376 2438 ὑμεῖς
1418 2354 1727 2439 καρτεροὶ
1773 2357 1964 2420 αἰεί.“

197 2480 277 2521 5⁸5
393 2464 510 2527 τὸν
557 2457 619 2525 δ’
664 2455 750 2525 αὖ
807 2456 1180 2543 Τηλέμαχος
1224 2457 1640 2542 πεπνυμένος
1689 2459 1918 2524 ἀντίον
1963 2460 2164 2542 ηὔδα·

393 2567 511 2650 „al”
551 2565 677 2650 γὰρ
724 2575 949 2648 τοῦτο,
996 2563 1197 2647 ξεῖνε,
1244 2565 1400 2640 ἔπος
1444 2562 1907 2647 τετελεσμένον
1954 2570 2084 2648 εἴη·

304 2684 393 2738 τω
438 2695 512 2736 κε
557 2672 720 2755 τάχα
764 2673 996 2753 γνοίης
1039 2669 1360 2754 φιλότητά
1405 2691 1473 2734 τε
1525 2669 1742 2735 πολλά
1787 2692 1854 2733 τε
1902 2671 2082 2755 δῶρα

305 2776 371 2855 ἐξ
418 2777 605 2861 ἐμεῦ,
652 2777 740 2852 ὡς
785 2777 869 2842 ἄν
914 2778 1012 2852 τίς
1057 2791 1130 2840 σε
1179 2777 1673 2858 συναντόμενος
1715 2769 2282 2877 μακ-αρίζοι.“ς,ιὺ(
2333 2751 2532 2844 Meu*
2559 2801 2582 2846 c·

390 2878 432 2966 ἦ
478 2881 587 2947 καὶ
633 2885 957 2964 Πείραιον
1002 2881 1458 2966 προσεφώνεε,
1505 2884 1741 2946 πιστὸν
1789 2879 2079 2964 ἑταῖρον·

197 3007 277 3048 540
396 2989 714 3072 ,,Πείραιε
761 2987 1081 3070 Κλυτίδη,
1128 2988 1212 3051 σὺ
1261 2985 1342 3050 δέ
1383 3009 1496 3069 μοι
1542 2988 1622 3050 τά
1668 3008 1791 3071 περ
1841 2987 2009 3051 ἄλλα
2053 2986 2327 3069 μάλιστα

308 3096 514 3178 πείθῃ
562 3091 737 3175 ἐμῶν
785 3088 1073 3177 ἑτάρων,
1117 3092 1188 3156 οἳ
1228 3115 1340 3175 μοι
1387 3092 1622 3157 Πύλον
1669 3091 1764 3167 εἰς
1809 3088 1920 3174 ἅμ’
1965 3089 2227 3156 ἕποντο·
2449 3083 2458 3096 ’

304 3195 411 3261 καὶ
456 3208 586 3263 νῦν
632 3220 746 3280 μοι
791 3198 909 3261 τὸν
956 3195 1177 3273 ξεῖνον
1222 3197 1405 3278 ἄγων
1452 3195 1527 3261 έν
1576 3196 1835 3280 δώμασι
1882 3206 2099 3260 σοῖσιν

306 3299 631 3379 ἐνδυκέως
675 3300 934 3387 φιλέειν
978 3299 1088 3366 καὶ
1132 3299 1387 3384 τιέμεν,
1432 3303 1527 3378 εἰς
1573 3302 1609 3367 ὅ
1655 3325 1772 3367 κεν
1818 3301 2062 3367 ἔλθω.“

393 3409 510 3472 τὸν
557 3404 617 3471 δ’
667 3402 753 3472 αὖ
801 3411 1122 3502 Πείραιος
1170 3408 1605 3492 δουρικλυτὸς
1649 3407 1883 3473 ἀντίον
1929 3408 2125 3491 ηὔδα·

198 3532 280 3574 545
403 3559 445 3594 ,,
458 3507 776 3597 Τηλέμαχ’
791 3561 809 3595 ,
826 3515 889 3577 εἰ
905 3513 1030 3596 γάρ
1049 3536 1165 3578 κεν
1183 3515 1266 3577 σὺ
1284 3514 1501 3577 πολὺν
1519 3516 1766 3598 χρόνον
1787 3512 2032 3579 ἐνθάδε
2046 3515 2329 3596 μίμνοις,

406 3624 703 3676 nmirum,
729 3625 864 3665 Hom.
894 3626 1095 3675 Odyssea
1135 3627 1197 3665 11.
1856 3623 1889 3669 4
