2650 3909
386 187 516 251 130
838 207 872 239 v
911 189 1023 254 (20)
1060 185 1132 239 τὰ
1168 186 1276 255 πρὸ
1313 193 1412 254 τῆς
1448 185 1949 255 μνηστηροφονίας.

277 372 356 412 336
386 344 675 430 γήμασθ’
720 345 793 422 ὅς
837 370 936 422 τις
979 346 1244 431 ἄριστος
1288 345 1457 431 ἀνὴρ
1503 343 1614 410 καὶ
1658 349 1929 409 πλεῖστα
1972 346 2292 428 πόρῃσιν,

385 453 561 537 ὄφρα
605 454 689 516 σὺ
736 447 858 535 μὲν
904 454 1154 536 χαίρων
1199 452 1497 536 πατρώια
1541 450 1755 515 πάντα
1798 446 2066 533 νέμηαι,

383 558 607 621 ἔσθων
651 557 762 620 καὶ
806 559 1056 639 πίνων,
1100 555 1141 639 ἡ
1189 552 1249 620 δ’
1295 557 1503 621 ἄλλον
1551 558 1737 638 δῶμα
1781 552 2074 639 κομίζῃ.“

470 663 588 726 τὸν
636 658 697 725 δ’
741 655 827 725 αὖ
882 659 1257 744 Τηλέμαχος
1299 658 1714 743 πεπνυμένος
1756 656 1985 724 ἀντίον
2029 658 2230 740 ηὔδα·

474 767 601 850 ,,οὐ
644 768 735 850 μὰ
782 760 975 849 Ζῆν’,
1013 760 1309 847 Ἀγέλαε,
1355 763 1464 829 καὶ
1510 766 1713 847 ἄλγεα
1755 765 2000 848 πατρὸς
2044 761 2260 846 ἐμοῖο,

276 897 357 938 340
383 872 456 947 ὅς
499 892 630 937 που
676 864 817 955 τῆλ’
861 867 1126 954 Ἰθάκης
1170 869 1212 953 ἣ
1259 871 1529 954 ἔφθιται
1574 867 1615 951 ἢ
1660 868 2009 952 ἀλάληται,

383 977 463 1041 οὔ
508 999 572 1040 τι
620 975 937 1060 διατρίβω
982 975 1226 1059 μητρὸς
1270 974 1517 1058 γάμον,
1562 972 1729 1037 ἀλλὰ
1773 974 2021 1039 κελεύω

381 1075 673 1164 γήμασθ’
719 1074 773 1168 ᾧ
818 1078 878 1145 κ’
926 1077 1159 1166 ἐθέλῃ,
1203 1076 1357 1144 ποτὶ
1403 1075 1463 1145 δ’
1508 1081 1756 1143 ἄσπετα
1804 1080 1986 1163 δῶρα
2030 1079 2289 1161 δίδωμι.

381 1182 685 1268 αἰδέομαι
731 1182 793 1250 δ’
839 1183 1166 1251 ἀέκουσαν
1212 1183 1341 1249 ἀπὸ
1388 1184 1703 1271 μεγάροιο
1749 1184 2016 1248 δίεσθαι

381 1291 578 1379 μύθῳ
624 1290 985 1378 ἀναγκαίῳ·
1036 1291 1125 1373 μὴ
1170 1299 1369 1355 τοῦτο
1416 1291 1575 1366 θεὸς
1617 1287 2001 1354 τελέσειεν.“

276 1421 354 1462 345
472 1395 560 1472 ὣς
604 1395 775 1481 φάτο
829 1393 1226 1480 Τηλέμαχος·
1272 1404 1641 1481 μνηστῆρσι
1689 1391 1762 1459 δὲ
1806 1394 2077 1470 Παλλὰς
2112 1388 2362 1476 Ἀθήνη

381 1501 705 1585 ἄσβεστον
750 1499 920 1584 γέλω
968 1495 1171 1586 ὦρσε,
1215 1499 1670 1585 παρέπλαγξεν
1717 1496 1792 1565 δὲ
1835 1501 2068 1584 νόημα.

382 1606 454 1670 οἱ
491 1603 555 1670 δ’
595 1607 723 1691 ἤδη
770 1613 1132 1690 γναθμοῖσι
1178 1607 1448 1688 γελώων
1492 1604 1970 1688 ἀλλοτρίοισιν,

381 1711 837 1807 αἱμοφόρυκτα
884 1707 958 1775 δὲ
1005 1711 1087 1792 δὴ
1133 1707 1290 1794 κρέα
1336 1712 1609 1791 ἤσθιον·
1657 1711 1811 1774 ὄσσε
1858 1702 1921 1772 δ’
1963 1708 2093 1792 ἄρά
2137 1724 2363 1790 σφεων

381 1816 754 1899 δακρυόφιν
797 1817 1202 1897 πίμπλαντο,
1247 1815 1411 1893 γόον
1457 1810 1520 1876 δ’
1566 1812 1756 1876 ὠίετο
1801 1814 2033 1894 θυμός.

274 1947 355 1986 350
380 1931 552 1983 τοῖσι
598 1914 673 1983 δὲ
717 1916 829 1982 καὶ
873 1914 1166 2001 μετέειπε
1214 1916 1671 1999 Θεοκλύμενος
1712 1917 2045 1998 θεοειδής·

11 2096 14 2103 ‚
470 2018 556 2106 ,,ἇ
603 2024 835 2105 δειλοί,
879 2024 949 2085 τί
985 2022 1191 2086 κακὸν
1235 2021 1388 2085 τόδε
1432 2020 1740 2106 πάσχετε;
1785 2019 1975 2086 νυκτὶ
2011 2018 2135 2106 μὲν
2174 2021 2398 2107 ὑμέων

26 2130 210 2209 &mm
225 2128 324 2205 m
379 2129 673 2206 asc-Mam
718 2128 1007 2210 κεφαλαί
1044 2149 1114 2191 τε
1159 2126 1480 2211 πρόσωπά
1523 2149 1593 2191 τε
1638 2124 1849 2211 νέρθέ
1876 2142 1955 2192 ’τε
2000 2138 2229 2211 γοῦνα.

23 2244 72 2313 [Α
94 2230 337 2307 ίζωὼδ
380 2234 630 2318 οἰμωγὴ
678 2229 751 2298 δὲ
800 2230 1026 2317 δέδηε,
1072 2232 1511 2319 δεδάκρυνται
1559 2229 1634 2298 δὲ
1677 2236 1975 2319 παρειαί,

27 2322 336 2432 apim&
380 2339 602 2421 αἵματι
649 2335 708 2404 δ’
757 2336 1111 2424 ἐρράδαται
1154 2349 1367 2423 τοῖχοι
1411 2342 1612 2403 καλαί
1649 2362 1718 2404 τε
1764 2340 2113 2427 μεσόδμαι·
2276 2336 2349 2409 (εν,
2370 2354 2505 2405 ww

273 2469 351 2510 355
381 2444 678 2509 εἰδώλων
723 2439 799 2508 δὲ
842 2441 1046 2509 πλέον
1090 2446 1474 2528 πρόθυρον,
1516 2446 1708 2526 πλείη
1755 2440 1832 2508 δὲ
1874 2442 1984 2509 καὶ
2030 2445 2231 2527 αὐλή,

381 2546 660 2632 ἱεμένων
685 2547 961 2633 ’Ἑρεβος
1006 2545 1081 2613 δὲ
1124 2548 1254 2614 ὑπὸ
1305 2551 1535 2632 ζόφον·
1582 2547 1802 2633 ἠέλιος
1846 2546 1921 2614 δὲ

381 2653 676 2738 ούρανοῦ
722 2651 1121 2736 ἐξαπόλωλε,
1166 2655 1332 2737 κακὴ
1379 2652 1439 2717 δ’
1486 2651 1919 2737 ἐπιδέδρομεν
1964 2651 2225 2737 ἀχλύς.“

468 2756 558 2832 ὣς
594 2753 822 2842 ἔφαθ’,
869 2758 940 2821 οἱ
981 2754 1043 2822 δ’
1088 2759 1215 2843 ἄρα
1250 2758 1488 2835 πάντες
1524 2755 1622 2824 ἐπ’
1667 2759 1844 2845 αὐτῷ
1880 2758 2010 2840 ἡδὺ
2048 2754 2394 2840 γέλασσαν.

379 2873 594 2927 τοῖσιν
641 2856 701 2926 δ’
752 2861 1177 2948 Εὐρύμαχος,
1233 2865 1553 2947 Πολύβου
1597 2873 1780 2945 παῖς,
1823 2857 1970 2947 ἦρχ’
2024 2862 2392 2946 ἀγορεύειν·

271 2994 353 3034 360
437 2966 826 3052 ·,,ἀφραίνει
872 2966 1084 3045 ξεῖνος
1126 2965 1284 3033 νέον
1329 2970 1621 3034 ἄλλοθεν
1666 2968 2093 3050 εἰληλουθώς.

380 3073 546 3138 ἀλλά
591 3096 708 3157 μιν
754 3068 949 3156 αἶψα,
992 3072 1165 3156 νέοι,
1212 3074 1423 3157 δόμου
1471 3071 1894 3157 ἐκπέμψασθε
1938 3072 2185 3157 θύραζε

379 3180 474 3255 εἰς
519 3178 771 3263 ἀγορὴν
817 3181 1161 3264 ἔρχεσθαι,
1208 3176 1349 3243 ἐπεὶ
1392 3179 1546 3243 τάδε
1593 3176 1784 3243 νυκτὶ
1829 3176 2093 3242 έίσκει.“

467 3285 584 3349 τὸν
631 3280 691 3347 δ’
737 3278 892 3348 αὖτε
938 3280 1283 3368 προσέειπε
1333 3283 1789 3366 Θεοκλύμενος
1830 3284 2163 3366 θεοειδής·

468 3385 885 3472 ,,Εὒρύμαχ’,
940 3388 1021 3452 οὔ
1066 3391 1137 3452 τί
1176 3386 1235 3451 σ’
1289 3389 1514 3471 ἄνωγα
1560 3384 1706 3470 ἐμοὶ
1750 3395 2057 3471 πομπῆας
2107 3388 2393 3467 ὀπάζειν·

269 3513 351 3556 865
379 3492 515 3555 εἰσί
553 3514 667 3574 μοι
712 3490 1060 3576 ὀφθαλμοί
1098 3514 1167 3557 τε
1211 3490 1321 3557 καὶ
1368 3492 1572 3558 ούατα
1616 3487 1727 3555 καὶ
1771 3494 1972 3570 πόδες
2015 3496 2214 3580 ἄμφω
