2650 3909
750 207 785 240 υ
821 190 933 257 (20)
973 186 1044 240 τὰ
1078 186 1186 256 πρὸ
1223 194 1321 255 τῆς
1357 189 1860 255 μνηστηροφονίας.
2192 184 2318 248 129

389 345 794 432 ,,Κτήσιππ’,
847 342 890 430 ἦ
937 347 1112 431 μάλα
1157 369 1259 412 τοι
1305 348 1458 411 τόδε
1504 344 1771 430 κέρδιον
1822 347 2049 411 ἔπλετο
2095 352 2320 432 θυμῷ·

189 477 270 518 ³05
298 453 422 519 οὐκ
467 454 695 536 ἔβαλες
738 453 858 518 τὸν
903 450 1149 530 ξεῖνον·
1197 450 1477 517 ἀλεύατο
1524 452 1650 535 γὰρ
1696 448 1890 533 βέλος
1933 451 2146 525 αὐτός.

297 553 338 642 ἦ
386 557 512 642 γάρ
559 555 677 622 κέν
724 572 795 621 σε
842 555 1048 641 μέσον
1094 556 1304 639 βάλον
1350 558 1530 640 ἔγχει·
1572 554 1901 638 ὀξυόεντι,

297 665 414 726 καί
451 659 532 727 κέ
569 685 673 727 τοι
718 659 866 727 ἀντὶ
910 662 1148 745 γάμοιο
1193 662 1406 746 πατὴρ
1454 661 1665 745 τάφον
1711 659 2152 745 ἀμφεπονεῖτο

299 766 561 832 ἐνθάδε.
651 768 742 832 τὼ
789 770 878 851 μή
924 770 1022 843 τίς
1064 791 1180 851 μοι
1226 766 1507 843 ἀεικείας
1552 764 1653 831 ἐνὶ
1699 772 1859 854 οἴκῳ

298 870 616 956 φαινέτω·
662 874 790 956 ἤδη
839 873 965 958 γὰρ
1010 870 1181 938 νοέω
1227 870 1340 937 καὶ
1384 868 1536 938 οῖδα
1583 871 1851 954 ἕκαστα,

188 1003 270 1042 310
297 976 507 1043 ἐσθλά
551 1000 621 1043 τε
664 976 772 1044 καὶ
821 979 899 1043 τὰ
944 976 1189 1063 χέρεια·
1240 979 1450 1061 πάρος
1495 974 1557 1042 δ’
1604 980 1698 1042 ἔτι
1742 979 1976 1060 νήπιος
2019 973 2124 1060 ἦα.

300 1082 442 1149 ἀλλ’
489 1087 695 1168 ἔμπης
737 1085 894 1149 τάδε
940 1081 1064 1167 μὲν
1108 1081 1219 1149 καὶ
1265 1082 1579 1167 τέτλαμεν
1624 1085 2077 1168 εἰσορόωντες,

296 1191 526 1273 μήλων
572 1186 997 1273 σφαζομένων
1043 1192 1255 1255 οἴνοιό
1301 1212 1372 1254 τε
1418 1186 1803 1272 πινομένοιο

295 1291 405 1357 καὶ
451 1297 665 1371 σίτου·
711 1294 997 1378 χαλεπὸν
1042 1293 1169 1378 γὰρ
1216 1292 1595 1379 ἐρυκακέειν
1643 1293 1759 1358 ἕνα
1805 1294 2107 1369 πολλούς.

296 1395 439 1463 ἀλλ’
489 1400 608 1481 ἄγε
653 1396 880 1492 μηκέτι
927 1422 1039 1481 μοι
1084 1399 1250 1463 κακὰ
1296 1397 1507 1484 ῥέζετε
1557 1397 2050 1483 δυσμενέοντες·

187 1525 268 1566 816
295 1505 358 1567 εί
401 1500 461 1568 δ’
505 1505 633 1587 ἤδη
679 1500 745 1588 μ’
792 1503 998 1569 αὐτὸν
1043 1514 1293 1569 κτεῖναι
1339 1507 1711 1587 μενεαίνετε
1756 1508 2006 1590 χαλκῷ,

293 1614 411 1674 καί
448 1632 540 1684 κε,
566 1611 641 1674 τὸ
687 1612 1089 1694 βουλοίμην,
1133 1612 1251 1673 καί
1288 1632 1404 1674 κεν
1448 1612 1621 1674 πολὺ
1665 1607 1935 1694 κέρδιον
1980 1614 2081 1691 εἴη

293 1714 626 1798 τεθνάμεν
670 1713 713 1798 ἢ
759 1715 914 1780 τάδε
960 1712 1020 1798 γ’
1066 1712 1211 1780 αἰὲν
1257 1712 1479 1780 ἀεικέα
1524 1710 1661 1800 ἔργ’
1708 1714 2069 1800 ὁράασθαι,

294 1818 549 1897 ξείνους
592 1842 661 1885 τε
708 1819 1298 1904 στυφελιζομένους
1345 1821 1569 1908 δμῳάς
1611 1843 1681 1885 τε
1726 1831 2042 1904 γυναῖκας

294 1924 732 2008 ῥυστάζοντας
776 1925 1109 2003 ἀεικελίως
1151 1927 1317 1992 κατὰ
1364 1927 1633 2010 δώματα
1676 1924 1906 1989 καλά.“

186 2052 269 2091 320
383 2028 471 2105 ὣς
514 2028 745 2113 ἔφαθ’,
790 2033 861 2097 οἱ
904 2028 963 2096 δ’
1008 2034 1138 2117 ἄρα
1181 2032 1421 2107 πάντες
1466 2031 1634 2116 ἀκὴν
1680 2028 1987 2112 ἐγένοντο
2035 2039 2265 2115 σιωπῇ.

295 2131 418 2211 ὀψὲ
462 2130 537 2199 δὲ
583 2136 666 2219 δὴ
713 2134 1001 2218 μετέειπε
1049 2139 1560 2220 Δαμαστορίδης
1598 2132 1930 2219 Ἀγέλαος·

385 2233 480 2321 ,,ὦ
527 2241 742 2323 φίλοι,
791 2239 913 2305 οὐκ
958 2240 1044 2307 ἂν
1090 2243 1173 2324 δή
1219 2265 1317 2316 τις
1363 2239 1470 2305 ἐπὶ
1515 2239 1791 2326 ῥηθέντι
1837 2243 2071 2329 δικαίφ

293 2343 613 2426 ἀντιβίοις
658 2343 915 2409 ἐπέεσσι
958 2349 1461 2428 καθαπτόμενος
1503 2350 1912 2429 χαλεπαίνοι·

293 2446 459 2532 μήτέ
496 2472 558 2512 τι
602 2450 723 2514 τὸν
768 2447 987 2526 ξεῖνον
1032 2452 1447 2533 στυφελίζετε
1492 2448 1660 2534 μήτέ
1697 2446 1823 2514 τιν’
1868 2451 2073 2514 ἄλλον

185 2574 266 2615 325
295 2554 569 2638 δμώων,
616 2557 689 2620 οἳ
726 2554 888 2621 κατὰ
935 2550 1179 2639 δώματ’
1229 2551 1590 2638 Ὀδυσσῆος
1632 2558 1868 2620 θείοιο.

302 2659 655 2747 Τηλεμάχῳ
703 2657 783 2725 δέ
820 2682 894 2725 κε
939 2665 1163 2744 μῦθον
1211 2660 1339 2744 ἐγὼ
1386 2660 1497 2728 καὶ
1541 2657 1770 2745 μητέρι
1814 2664 2020 2745 φαίην

289 2767 522 2849 ἤπιον,
566 2771 635 2830 εἴ
670 2780 892 2849 σφωιν
935 2767 1175 2852 κραδίῃ
1220 2767 1376 2832 ἅδοι
1420 2764 1866 2852 ἀμφοτέροιιν.

293 2871 469 2954 ὄφρα
514 2866 637 2953 μὲν
682 2870 844 2954 ὕμιν
887 2873 1108 2955 θυμὸς
1152 2870 1253 2936 ἐνὶ
1299 2874 1662 2955 στήθεσσιν
1708 2870 1944 2938 ἐώλπει

289 2976 642 3057 νοστήσειν
682 2970 966 3056 Ὀδυσῆα
1010 2977 1403 3060 πολύφρονα
1449 2975 1530 3042 ὃν
1576 2972 1651 3041 δὲ
1698 2976 1910 3060 δόμον
1956 2975 2064 3061 δέ,
2630 3036 2631 3041 ,

183 3101 265 3142 οεο
291 3075 482 3165 τόφρ’
526 3079 610 3145 οὔ
655 3102 754 3156 τις
796 3077 1060 3162 νέμεσις
1103 3078 1383 3167 μενέμεν
1428 3078 1485 3145 τ’
1524 3076 1612 3164 ἦν
1660 3079 2001 3170 ἰσχέμεναί
2036 3105 2106 3147 τε
2126 3085 2279 3183 Q.
2309 3120 2333 3146 ι
2379 3113 2505 3201 ιγσμ.

290 3192 665 3268 μνηστῆρας
707 3184 872 3250 κατὰ
919 3181 1195 3268 δώματ’,
1240 3183 1381 3251 ἐπεὶ
1426 3188 1577 3251 τόδε
1622 3184 1890 3272 κέρδιον
1934 3181 2087 3271 ἦεν,
2626 3216 2627 3223 “

288 3290 353 3353 εἰ
394 3288 658 3373 νόστησ’
708 3288 1020 3367 Ὀδυσεὺς
1062 3287 1173 3355 καὶ
1216 3291 1588 3376 ὑπότροπος
1631 3293 1806 3358 ἵκετο
1853 3293 2066 3375 δῶμα·

287 3403 417 3459 νῦν
462 3392 523 3459 δ’
571 3397 698 3479 ἤδη
744 3396 897 3461 τόδε
944 3397 1184 3478 δῆλον,
1230 3395 1267 3459 ὅ
1310 3391 1369 3460 τ’
1413 3394 1633 3461 οὐκέτι
1677 3399 1988 3480 νόστιμός
2033 3396 2222 3464 ἐστιν.

288 3496 432 3563 ἀλλ’
479 3500 595 3583 ἄγε
641 3510 723 3587 σῇ
767 3502 924 3568 τάδε
970 3498 1166 3587 μητρὶ
1209 3502 1647 3586 παρεζόμενος
1691 3502 2078 3585 κατάλεξον,

393 3609 686 3661 landwioh,
716 3613 851 3656 Hom.
880 3620 1094 3664 odyn-0⁸.
1121 3615 1185 3655 n.
1846 3613 1878 3661 9
