2650 3909
579 171 628 229 ψ
665 163 776 230 (23)
809 157 1113 223 Ὀδυσσέως
1148 161 1257 215 ὑπὸ
1295 159 1627 229 Πηνελόπης
1664 159 2100 230 ἀναγνωρισμός.
2213 158 2337 221 169

334 325 405 387 οἲ
443 332 607 386 νῶιν
653 319 983 404 ἀγάσαντο
1027 304 1181 404 παρ’
1224 319 1566 403 ἀλλήλοισι
1612 319 1884 404 μένοντε

332 427 499 509 ἥβης
540 435 868 511 ταρπῆναι
912 424 1021 490 καὶ
1067 429 1311 508 γήραος
1355 425 1563 491 οὐδὸν
1612 424 1889 489 ἱκέσθαι.

335 530 540 617 αὐτὰρ
587 532 676 615 μὴ
722 540 850 596 νῦν
895 555 1007 614 μοι
1052 532 1203 595 τόδε
1248 531 1416 615 χώεο
1461 511 1627 614 μηδὲ
1671 530 1982 614 νεμέσσα,

336 636 576 700 οὕνεκά
622 629 683 700 σ’
726 635 808 700 οὐ
854 638 928 700 τὸ
973 648 1268 717 πρῶτον,
1315 632 1454 699 ἐπεὶ
1503 637 1683 717 ἴδον,
1715 630 1841 699 ὧδ’
1891 634 2212 717 ἀγάπησα.

186 806 191 810 .
228 760 305 800 215
334 738 463 805 αἰεὶ
507 741 633 827 γάρ
680 764 793 823 μοι
837 742 1054 824 θυμὸς
1099 739 1198 807 ἐνὶ
1246 742 1561 823 στήθεσσι
1605 744 1902 824 φίλοισιν

334 845 610 932 ἐρρίγει,
657 846 746 929 μή
789 849 888 922 τίς
930 869 1008 929 με
1055 849 1312 930 βροτῶν
1359 843 1666 929 ἀπάφοιτ’
1712 843 2011 909 ἐπέεσσιν

334 950 578 1017 ἐλθών·
623 948 858 1016 πολλοὶ
906 952 1030 1035 γὰρ
1076 952 1240 1016 κακὰ
1285 937 1520 1037 κέρδεᾶ
1565 951 2022 1034 βουλεύουσιν.

337 1055 501 1121 οὐδέ
539 1079 655 1121 κεν
692 1052 950 1142 Ἀργείη
987 1053 1250 1140 Ἑλένη,
1295 1058 1464 1131 Διὸς
1510 1055 1885 1138 ἐκγεγαυῖα,

332 1159 529 1247 ἀνδρὶ
573 1157 725 1246 παρ’
772 1158 1123 1247 ἀλλοδαπῷ
1172 1159 1360 1244 ἐμίγη
1407 1164 1707 1244 φιλότητι
1752 1158 1862 1225 καὶ
1907 1159 2101 1243 εὐνῇ,

228 1286 307 1325 220
334 1268 398 1331 εί
438 1265 568 1352 ᾔδη
617 1266 653 1329 ὅ
701 1290 816 1348 μιν
862 1260 1047 1341 αὖτις
1082 1262 1334 1350 Ἀρήιοι
1378 1258 1519 1341 υἷες
1557 1261 1834 1350 Ἀχαιῶν

333 1370 636 1455 ἀξέμεναι
682 1367 869 1437 οἶκον
916 1367 990 1436 δὲ
1034 1374 1239 1455 φίλην
1287 1370 1353 1447 ἐς
1396 1368 1655 1454 πατρίδ’
1702 1373 1994 1454 ἔμελλον.

330 1477 454 1559 τὴν
499 1470 561 1541 δ’
603 1477 750 1559 ἤτοι
797 1473 979 1560 ῥέξαι
1023 1478 1184 1551 θεὸς
1229 1476 1481 1562 ὤρορεν
1526 1478 1725 1569 ἔργον
1770 1474 2005 1551 ἀεικές·

330 1581 452 1664 τὴν
499 1577 559 1645 δ’
605 1581 770 1663 ἄτην
818 1579 899 1645 οὐ
943 1584 1243 1661 πρόσθεν
1290 1578 1375 1666 ἑῷ
1426 1579 1778 1663 ἐγκάτθετο
1823 1586 2023 1666 θυμῷ

332 1687 616 1771 λυγρήν,
663 1684 730 1763 ἐξ
776 1681 853 1769 ἧς
897 1697 1123 1772 πρῶτα
1167 1684 1276 1750 καὶ
1320 1684 1522 1769 ἡμέας
1567 1687 1742 1750 ἵκετο
1787 1683 2053 1761 πένθος.

227 1809 306 1850 2²⁵
331 1800 461 1856 νῦν
508 1789 601 1874 δ’,
646 1790 787 1857 ἐπεὶ
831 1793 960 1875 ἤδη
1008 1788 1237 1875 σήματ’
1284 1789 1654 1876 ἀριφραδέα
1699 1788 2039 1867 κατέλεξας

332 1897 532 1980 εὐνῆς
574 1896 922 1983 ἡμετέρης,
966 1898 1087 1980 τὴν
1135 1897 1216 1963 οὐ
1260 1899 1498 1982 βροτὸς
1543 1898 1740 1973 ἄλλος
1786 1897 2066 1977 ὀπώπει,

332 1996 474 2066 ἀλλ’
517 1997 647 2067 οἷοι
694 2004 778 2068 σύ
821 1998 881 2066 τ’
928 2001 1056 2085 ἐγώ
1102 2025 1170 2066 τε
1215 1999 1326 2066 καὶ
1372 2000 1747 2085 ἀμφίπολος
1790 2005 1906 2084 μία
1951 2002 2196 2084 μούνη,

324 2102 647 2189 Ἀκτορίς,
691 2107 777 2188 ἥν
823 2130 937 2190 μοι
984 2108 1151 2171 δῶκε
1195 2107 1409 2190 πατὴρ
1456 2109 1551 2171 ἔτι
1599 2108 1795 2191 δεῦρο
1842 2107 2105 2190 κιούση,

331 2209 373 2292 ἢ
418 2220 585 2275 νῶιν
630 2217 853 2301 εἴρυτο
888 2212 1115 2294 θύρας
1158 2219 1445 2275 πυκινοῦ
1489 2211 1854 2294 θαλάμοιο,
1943 2226 2084 2294 w

226 2334 307 2374 2³0
332 2317 588 2391 πείθεις
631 2315 716 2397 δή
760 2338 884 2398 μευ
928 2315 1154 2398 θυμὸν
1201 2311 1451 2413 ἀπηνέα
1495 2335 1617 2440 περ
1664 2310 1813 2397 μάλ’
1864 2313 2070 2379 ἐόντα.
2073 2314 2116 2348 “

422 2419 510 2495 ὣς
553 2419 746 2503 φάτο,
790 2427 881 2506 τῷ
931 2416 992 2483 δ’
1040 2420 1134 2483 ἔτι
1180 2422 1435 2502 μᾶλλον
1479 2413 1595 2501 ὑφ’
1641 2419 1874 2503 ἵμερον
1921 2413 2089 2502 ὦρσε
2133 2420 2345 2500 γόοιο·

332 2530 514 2590 κλαῖε
562 2522 624 2589 δ’
667 2526 836 2609 ἔχων
882 2526 1127 2608 άλοχον
1171 2521 1509 2609 θυμαρέα,
1554 2521 1732 2588 κέδν’
1778 2524 2054 2587 εἰδυῖαν.

335 2632 424 2707 ὡς
469 2626 528 2695 δ’
577 2626 669 2695 ὅτ’
717 2628 803 2694 ἂν
849 2628 1167 2705 ἀσπάσιος
1211 2638 1294 2719 γῆ
1342 2627 1766 2713 νηχομένοισι
1812 2630 2065 2714 φανήῃ,

334 2731 428 2801 ὧν
473 2735 541 2808 τε
588 2735 983 2799 Ποσειδάων
1011 2732 1302 2821 εὐεργέα
1347 2730 1449 2817 νη’
1497 2715 1597 2799 ἐνὶ
1640 2737 1862 2822 πόντῳ

227 2860 304 2901 235
332 2841 562 2926 ῥαίσῃ,
609 2838 1038 2924 ἐπειγομένην
1083 2838 1302 2928 ἀνέμφ
1349 2837 1459 2904 καὶ
1505 2840 1742 2922 κύματι
1787 2847 2003 2944 πηγῷ·
2099 2825 2192 2922 ἷ-ἱᾳ

332 2954 599 3032 παῦροι
623 2942 683 3009 δ’
728 2942 1050 3027 ἐξέφυγον
1095 2948 1327 3026 πολιῆς
1374 2941 1531 3018 ἁλὸς
1576 2943 1851 3026 ἤπειρον
1898 2939 1972 3006 δὲ

331 3054 717 3136 νηχόμενοι,
761 3048 971 3131 πολλὴ
1021 3044 1094 3111 δὲ
1138 3046 1290 3130 περὶ
1334 3050 1490 3132 χροῒ
1529 3044 1845 3144 τέτροφεν
1891 3047 2095 3131 ἅλμη,
2137 3071 2187 3116 ω
2214 3030 2514 3125 Ασίώᾼι

334 3155 645 3221 ἀσπάσιοι
693 3150 753 3218 δ’
800 3150 1042 3235 ἐπέβαν
1086 3155 1308 3235 γαίης,
1353 3154 1674 3235 κακότητα
1720 3155 2072 3235 φυγόντες·
2355 3109 2609 3188 Commi>

334 3260 421 3336 ὣς
464 3262 593 3346 άρα
636 3268 715 3344 τῇ
761 3258 1089 3332 ἀσπαστὸς
1133 3258 1251 3339 ἔην
1295 3259 1489 3333 πόσις
1534 3258 1931 3342 εἰσοροώσῃ,

227 3385 304 3425 240
334 3365 554 3450 δειρῆς
600 3361 660 3429 δ’
708 3365 789 3438 οὔ
834 3384 935 3427 πω
980 3361 1255 3446 πάμπαν
1302 3360 1531 3446 ἀφίετο
1578 3364 1775 3447 πήχεε
1821 3362 2047 3427 λευκώ.

331 3472 447 3533 καί
484 3470 572 3533 νύ
617 3465 673 3535 κ’
721 3466 1187 3554 ὀδυρομένοισι
1232 3467 1410 3552 φάνη
1459 3466 1947 3552 ῥοδοδάκτυλος
1985 3463 2182 3550 Ἠώς,
