2650 3909
337 220 425 284 94
815 235 848 272 σ
885 221 996 287 (18)
1027 213 1331 281 Ὀδυσσέως
1366 222 1464 271 καὶ
1490 215 1637 287 Ἴρου
1673 216 1879 287 πυγμή.

229 400 310 443 255
338 381 559 463 μεῖζόν
602 402 676 444 κε
721 376 909 455 κλέος
953 385 1052 463 εἴη
1100 376 1261 462 ἐμὸν
1306 377 1418 443 καὶ
1462 379 1734 443 κάλλιον
1781 377 1970 443 οὕτω.

335 494 464 550 νῦν
511 480 573 548 δ’
623 485 888 569 ἄχομαι·
933 486 1095 549 τόσα
1141 483 1267 569 γάρ
1312 508 1428 567 μοι
1474 482 1821 549 ἐπέσσευεν
1866 483 2031 547 κακὰ
2077 483 2350 565 δαίμων.

335 586 377 674 ἦ
425 586 547 674 μὲν
596 590 678 672 δὴ
725 587 834 653 ὅτε
878 585 936 653 τ’
979 581 1058 675 ’ᾖε
1103 590 1316 654 λιπὼν
1361 589 1523 654 κάτα
1566 589 1849 682 πατρίδα
1893 597 2122 670 γαῖαν,
2214 633 2222 641 ·

340 693 677 780 δεξιτερὴν
723 692 828 759 ἐπὶ
873 702 1099 781 καρπῷ
1148 691 1317 759 ἑλὼν
1367 690 1478 776 ἐμὲ
1521 705 1707 779 χεῖρα
1750 693 2120 776 προσηύδα·
2193 686 2380 755 ww

338 795 415 865 εὦ
461 801 692 885 γύναι,
738 800 819 865 οὐ
865 778 992 885 γάρ
1039 799 1159 865 ὀίω
1205 798 1604 883 ἐυκνήμιδας
1643 795 1938 883 Ἀχαιοὺς

232 928 312 969 260
340 904 412 970 ἐκ
467 908 703 990 Τροίης
747 899 823 969 εὖ
867 904 1116 980 πάντας
1160 903 1502 987 ἀπήμονας
1546 903 1976 970 ἀπονέεσθαι·

337 1008 449 1075 καὶ
493 1011 618 1096 γὰρ
675 1009 901 1095 Τρῶάς
944 1026 1110 1094 φασι
1153 1009 1443 1093 μαχητὰς
1487 1012 1760 1094 ἔμμεναι
1809 1011 2089 1094 ἄνδρας,

337 1111 503 1197 ἠμὲν
549 1114 934 1191 ἀκοντιστὰς
976 1111 1097 1199 ἠδὲ
1144 1116 1431 1205 ρυ-τῆρας
1476 1116 1716 1181 ὀιστῶν
1811 1112 2121 1170 ὤκνουν»

339 1222 558 1285 ἵππων
602 1216 656 1285 τ’
705 1221 1070 1286 ὠκυπόδων
1117 1220 1540 1306 ἐπιβήτορας,
1586 1222 1656 1288 οἵ
1694 1244 1767 1286 κε
1812 1220 2081 1305 τάχιστα

341 1328 608 1411 ἔκριναν
653 1323 820 1410 μέγα
862 1337 1082 1402 νεῖκος
1126 1325 1390 1409 ὁμοιίου
1436 1323 1769 1410 πολέμοιο.

234 1453 312 1494 265
340 1433 430 1497 τὼ
478 1431 600 1498 οὐκ
646 1427 805 1515 οἶδ’,
848 1432 891 1514 ἤ
935 1428 1051 1496 κέν
1097 1427 1159 1514 μ’
1211 1428 1433 1511 ἀνέσει
1477 1434 1667 1514 θεός,
1710 1426 1752 1514 ἦ
1799 1454 1913 1496 κεν
1958 1429 2149 1496 ἁλώω
2220 1407 2323 1483 2³5
2339 1420 2590 1483 Q

342 1538 547 1605 αὐτοῦ
594 1536 695 1604 ἐνὶ
749 1537 981 1624 Τροίῂ·
1029 1535 1135 1602 σοὶ
1181 1533 1242 1601 δ’
1289 1536 1535 1624 ἐνθάδε
1580 1537 1793 1603 πάντα
1837 1539 2189 1620 μελόντων.
2615 1537 2634 1558 “

340 1650 717 1727 μεμνῆσθαι
761 1645 1006 1728 πατρὸς
1047 1640 1158 1706 καὶ
1202 1641 1481 1728 μητέρος
1526 1640 1598 1706 ἐν
1645 1642 2029 1727 μεγάροισιν

342 1749 430 1824 ὡς
472 1758 634 1831 νῦν,
683 1747 725 1831 ἢ
771 1750 867 1812 ἔτι
913 1751 1165 1830 μᾶλλον
1212 1746 1368 1830 ἐμεῦ
1414 1746 1541 1811 ἀπὸ
1588 1749 1833 1830 νόσφιν
1879 1745 2123 1821 ἐόντος·

343 1853 550 1938 αὐτὰρ
597 1851 761 1937 ἐπὴν
809 1851 892 1934 δὴ
937 1852 1139 1916 παῖδα
1186 1853 1615 1935 γενειήσαντα
1663 1852 1874 1934 ἴδηαι,

235 1981 316 2020 270
343 1955 630 2042 γήμασθ’
677 1950 729 2044 ᾧ
777 1953 836 2021 κ’
882 1954 1219 2042 ἐθέλῃσθα
1263 1958 1415 2022 τεὸν
1459 1956 1622 2020 κατὰ
1668 1958 1854 2040 δῶμα
1900 1954 2224 2021 λιποῦσα.’

339 2051 562 2139 κεῖνος
604 2062 731 2138 τὼς
776 2061 1080 2145 ἀγόρευε·
1125 2062 1205 2127 τὰ
1251 2062 1336 2145 δὴ
1381 2071 1508 2127 νῦν
1554 2061 1767 2148 πάντα
1810 2066 2106 2126 τελεῖται.

340 2166 462 2246 νὺξ
510 2164 571 2232 δ’
618 2169 829 2250 ἔσται,
874 2166 984 2232 ὅτε
1030 2170 1113 2252 δὴ
1162 2169 1476 2252 στυγερὸς
1519 2167 1727 2251 γάμος
1770 2167 2189 2253 ἀντιβολήσει

63 2229 233 2360 IMR)
342 2272 706 2358 οὐλομένης
749 2270 1020 2357 ἐμέθεν,
1069 2282 1184 2374 τῇς
1229 2296 1299 2339 τε
1349 2276 1521 2349 Ζεὺς
1564 2275 1768 2358 ὄλβον
1814 2273 2091 2359 ἀπηύρα.

343 2377 509 2445 ἀλλὰ
554 2375 690 2445 τόδ’
739 2380 931 2445 αἰνὸν
975 2379 1133 2464 ἄχος
1176 2381 1460 2465 κραδίην
1504 2376 1614 2444 καὶ
1657 2381 1883 2462 θυμὸν
1933 2378 2168 2444 ἱκάνει·

237 2506 315 2547 275
343 2488 739 2571 μνηστήρων
784 2484 904 2568 οὐχ
950 2479 1068 2567 ἥδε
1115 2486 1265 2573 δίκη
1312 2487 1387 2550 τὸ
1433 2485 1716 2570 πάροιθε
1763 2483 2046 2551 τέτυκτο.
2086 2512 2422 2550 omnum-2

344 2591 415 2655 οἵ
453 2587 506 2654 τ’
555 2589 821 2673 ἀγαθήν
864 2612 934 2654 τε
980 2600 1262 2672 γυναῖκα
1307 2588 1417 2654 καὶ
1463 2589 1763 2674 ἀφνειοῖο
1806 2591 2112 2672 θύγατρα

342 2695 735 2779 μνηστεύειν
780 2692 1063 2758 ἐθέλωσι
1105 2691 1217 2759 καὶ
1262 2692 1573 2777 ἀλλήλοις
1618 2693 1960 2778 ἐρίσωσιν,

343 2794 532 2864 αὐτοὶ
575 2800 684 2863 τοί
722 2794 786 2881 γ’
828 2796 1155 2880 ἀπάγουσι
1197 2800 1360 2882 βόας
1403 2794 1513 2863 καὶ
1549 2804 1706 2882 ’ἴφια
1750 2802 1955 2882 μῆλα,

76 2889 217 2992 μου
242 2921 308 2968 ι’»ει
342 2894 586 2989 κούρης
632 2904 823 2984 δαῖτα
867 2906 1152 2996 φίλοισι,
1205 2899 1315 2968 καὶ
1361 2902 1572 2986 ἀγλαὰ
1618 2904 1799 2988 δῶρα
1847 2904 2177 2968 διδοῦσιν·

102 3003 113 3020 ’
236 3032 316 3072 280
343 3005 486 3074 ἀλλ’
533 3007 658 3073 οὐκ
703 3006 1056 3094 ἀλλότριον
1100 3012 1329 3093 βίοτον
1373 3013 1698 3094 νήποινον
1743 3010 2073 3075 ἔδουσιν.“

431 3103 521 3190 ὣς
562 3115 765 3198 φάτο,
809 3118 1108 3199 γήθησεν
1156 3111 1230 3181 δὲ
1273 3116 1607 3192 πολύτλας
1651 3117 1795 3193 δῖος
1834 3113 2217 3198 Ὀδυσσεύς,

342 3218 585 3284 οὕνεκα
627 3231 767 3285 τῶν.
806 3216 930 3303 μὲν
976 3221 1158 3305 δῶρα
1200 3218 1590 3302 παρέλκετο,
1633 3218 1833 3301 θέλγε
1881 3214 1955 3283 δὲ
1998 3220 2225 3302 θυμὸν

343 3328 687 3409 μειλιχίοις
732 3324 1021 3408 ἐπέεσσι,
1064 3328 1221 3403 νόος
1268 3324 1347 3390 δέ
1389 3326 1460 3391 οἰ
1498 3326 1665 3390 ἄλλα
1708 3328 2000 3407 μενοίνα.

430 3430 554 3513 τὴν
600 3428 660 3494 δ’
708 3425 848 3495 αὖτ’
895 3427 1229 3506 Ἀντίνοος
1270 3427 1603 3516 προσέφη,
1648 3429 2018 3507 Εὐπείθεος
2060 3432 2231 3508 υἱός·

237 3557 316 3598 885
434 3535 686 3620 ,,κούρη
726 3531 1069 3618 Ἰκαρίοιο,
1112 3538 1438 3621 περίφρον
1481 3538 1934 3620 Πηνελόπεια,
