2650 3909
352 236 480 301 108
719 257 750 291 τ
787 242 901 306 (19)
930 236 1231 302 Ὀδυσσέως
1266 240 1364 293 καὶ
1399 238 1730 310 Πηνελόπης
1764 239 1965 310 ὁμιλία.

241 420 322 460 260
350 393 535 482 ᾤχετ’
580 396 986 483 ἐποψόμενος
1028 402 1392 464 Κακοΐλιον
1439 399 1561 465 οὐκ
1605 400 2040 483 ὀνομαστήν.“

434 502 558 584 τὴν
596 499 657 568 δ’
700 501 1220 586 ἀπαμειβόμενος
1254 502 1551 588 προσέφη
1590 505 1951 588 πολύμητις
1977 499 2359 581 Ὀδυσσεύς·

435 603 531 689 ,,ὦ
578 608 775 690 γύναι
820 609 1038 691 αἰδοίη
1084 609 1505 691 Λαερτιάδεω
1545 606 1889 693 Ὀδυσῆος,

347 710 572 793 μηκέτι
616 722 745 787 νῦν
789 715 955 799 χρόα
1000 716 1204 777 καλὸν
1250 712 1538 797 ἐναίρεο,
1583 712 1754 799 μηδέ
1794 737 1857 778 τι
1901 715 2125 798 θυμὸν
2208 690 2473 814 &offex-5

259 838 264 845 ·
346 824 495 900 τῆκε
542 810 740 883 πόσιν
785 821 1064 901 γοόωσα.
1153 822 1573 902 νεμεσσῶμαί
1611 841 1685 902 γε
1733 814 1853 903 μὲν
1902 817 2126 884 οὐδέν·

241 943 318 984 265
345 918 456 985 καὶ
501 921 625 1006 γάρ
671 925 769 999 τίς
811 919 868 987 τ’
913 920 1182 988 ἀλλοῖον
1229 923 1541 1007 ὀδύρεται
1582 920 1774 1010 ἄνδρ’
1818 921 2101 989 ὀλέσασα
2152 909 2263 984 Qum
2286 918 2499 979 mame.

344 1028 721 1110 κουρίδιρν,
759 1035 855 1113 τῷ
871 1048 882 1053 ·
900 994 1095 1091 τέκνα
1140 1025 1291 1113 τέκῃ
1337 1030 1640 1112 φιλότητι
1686 1039 1976 1113 μιγεῖσα,

329 1116 714 1228 ᾒ-’ΰδῖισῆᾎ
760 1131 840 1196 ὄν
885 1147 1050 1216 φασι
1094 1138 1281 1209 θεοῖς
1326 1131 1703 1216 ἐναλίγκιον
1750 1130 1941 1199 εἶναι.

343 1233 510 1300 ἀλλά
553 1240 719 1319 γόου
764 1232 886 1321 μὲν
929 1247 1204 1321 παῦσαι,
1250 1237 1428 1321 ἐμεῖο
1475 1234 1549 1304 δὲ
1597 1241 1848 1304 σύνθεο
1893 1244 2143 1323 μῦθον·

343 1339 712 1426 νημερτέως
756 1341 881 1428 γάρ
926 1364 1030 1408 τοι
1076 1336 1460 1428 μυθήσομαι
1507 1341 1652 1409 οὐδ’
1696 1343 2015 1410 ἐπικεύσω

241 1470 319 1509 2'10
347 1446 436 1523 ὡς
478 1447 606 1531 ἤδη
647 1444 958 1531 Ὀδυσῆος
1002 1447 1129 1532 ἐγὼ
1173 1446 1323 1533 περὶ
1369 1442 1611 1515 νόστου
1657 1451 1908 1515 ἄκουσα

39 1540 267 1636 {offla-x
346 1549 585 1651 ἀγχοῦ,
633 1555 1044 1637 Θεσπρωτῶν
1089 1552 1356 1640 ἀνδρῶν
1402 1553 1476 1619 ἐν
1518 1558 1703 1620 πίονι
1750 1556 1968 1642 δήμω,

347 1659 538 1735 ζωοῦ·
587 1657 793 1744 αὐτὰρ
839 1660 985 1741 ἄγει
1029 1660 1331 1741 κειμήλια
1375 1659 1587 1723 πολλοὶ
1630 1657 1740 1723 καὶ
1787 1657 1993 1724 ἐσθλὰ

346 1763 608 1840 αἰτίζων
654 1760 781 1827 ἀνὰ
829 1764 1061 1845 δῆμον.
1151 1761 1312 1846 ἀτὰρ
1361 1761 1626 1845 ἐρίηρας
1670 1760 1967 1848 ἑταίρους

347 1866 548 1930 ὤλεσε
594 1864 704 1930 καὶ
748 1874 876 1950 νῆα
921 1866 1271 1952 γλαφυρὴν
1316 1864 1417 1931 ἐνὶ
1463 1872 1682 1932 οἴνοπι
1726 1869 1975 1955 πόντῳ,

239 1994 318 2034 275
347 1973 701 2054 Θρινακίης
745 1971 873 2035 ἄπο
918 1973 1131 2053 νήσου
1177 1971 1325 2035 ἰών·
1373 1970 1701 2037 ὀδύσαντο
1747 1972 1873 2058 γὰρ
1919 1971 2109 2060 αὐτῷ

346 2074 516 2150 Ζεύς
555 2098 624 2139 τε
669 2071 780 2139 καὶ
819 2070 1096 2151 Ἠέλιος·
1143 2085 1262 2140 τοῦ
1306 2076 1432 2161 γὰρ
1479 2079 1639 2159 βόας
1685 2079 1878 2143 ἔκταν
1926 2075 2186 2160 ἑταῖροι.
2509 2142 2525 2161 ,

344 2180 416 2244 οί
452 2175 574 2262 μὲν
618 2179 857 2256 πάντες
902 2181 1137 2246 ὄλοντο
1181 2183 1633 2271 πολυκλύστῳ.
1660 2182 1760 2248 ἐνὶ
1804 2187 2053 2271 πόντῳ·
2072 2171 2322 2299 erui-1⁴7
2341 2203 2613 2291 owx5m5

86 2268 204 2351 &ul
343 2285 459 2349 τὸν
506 2281 569 2349 δ’
611 2282 716 2370 ἄρ’
759 2282 865 2350 ἐπὶ
910 2289 1178 2371 τρόπιος
1220 2289 1383 2370 νηὸς
1426 2287 1585 2370 βάλε
1630 2285 1782 2372 κῦμ’
1826 2286 1934 2353 ἐπὶ
1977 2286 2217 2375 χέρσου
2635 2298 2643 2315 “

263 2404 274 2413 “
347 2391 660 2473 Φαιήκων
706 2389 772 2468 ἐς
816 2376 1045 2475 γαῖαν,
1091 2395 1161 2457 οἳ
1200 2390 1504 2477 ἀγχίθεοι
1549 2395 1890 2477 γεγάασιν·

237 2519 317 2559 280
344 2497 415 2560 οἳ
456 2496 540 2580 δή
586 2519 701 2580 μιν
747 2495 897 2578 περὶ
941 2506 1091 2583 κῆρι
1136 2499 1305 2562 θεὸν
1353 2497 1442 2574 ὣς
1484 2502 1843 2583 τιμήσαντο

340 2602 460 2665 καί
498 2601 571 2666 οί
607 2602 821 2666 πολλὰ
867 2602 1074 2666 δόσαν
1118 2598 1399 2684 πέμπειν
1444 2600 1519 2667 τέ
1557 2627 1673 2686 μιν
1719 2605 1968 2685 ἤθελον
2015 2600 2204 2667 αὐτοὶ

343 2701 554 2769 οἴκαδ’
599 2702 1002 2786 ἀπήμαντον.
1091 2707 1208 2768 καί
1245 2727 1363 2795 '2⁶2²'
1406 2705 1609 2770 πάλαι
1654 2704 1886 2793 ἐνθάδ’
1933 2703 2283 2782 Ὀδυσσεὺς
2351 2706 2501 2774 hau-a

340 2809 495 2891 ἤην·
542 2805 682 2872 ἀλλ’
728 2808 856 2892 ἄρα
901 2808 973 2872 οἰ
1011 2810 1085 2872 τό
1132 2831 1204 2890 γε
1251 2806 1520 2894 κέρδιον
1565 2815 1785 2875 εἴσατο
1828 2816 2058 2898 θυμῷ,

341 2907 614 2998 χρήματ’
657 2909 1042 2997 ἀγυρτάζειν
1086 2914 1341 2996 πολλὴν
1388 2911 1496 2978 ἐπὶ
1540 2925 1738 2997 γαῖαν
1785 2917 1977 2981 ἰόντι·

235 3042 315 3083 285
343 3017 432 3094 ὣς
475 3014 625 3101 περὶ
669 3017 908 3102 κέρδεα
951 3019 1163 3084 πολλὰ
1206 3026 1642 3104 καταθνητῶν
1688 3018 2067 3108 ἀνθρώπων

341 3117 469 3189 οἷδ’
515 3120 859 3206 Ὀδυσεύς,
905 3121 1049 3191 οὐδ’
1094 3125 1178 3189 ἄν
1223 3148 1322 3202 τις
1367 3124 1645 3210 ἐρίσσειε
1691 3127 1928 3212 βροτὸς
1971 3126 2183 3200 ἄλλος.
2272 3159 2291 3172 ·

341 3229 429 3305 ὥς
472 3251 585 3313 μοι
634 3232 1043 3315 Θεσπρωτῶν
1088 3233 1400 3312 βασιλεὺς
1444 3232 1787 3314 μυθήσατο
1838 3231 2125 3295 Φείδων·

340 3335 560 3418 ὤμνυε
609 3329 683 3399 δὲ
726 3336 891 3418 πρὸς
936 3332 1035 3419 ἔμ’
1080 3334 1314 3419 αὐτόν,
1360 3333 1797 3400 ἀποσπένδων
1844 3332 1943 3399 ἐνὶ
1990 3341 2180 3423 οἴκῳ,

338 3446 467 3521 νῆα
511 3440 943 3525 κατειρύσθαι
986 3437 1097 3504 καὶ
1143 3439 1458 3527 ἐπαρτέας
1501 3443 1703 3523 ἔμμεν
1750 3437 2081 3527 ἑταίρους,

233 3564 313 3603 290
340 3545 411 3607 οἳ
451 3542 535 3623 δή
580 3565 694 3624 μιν
738 3542 1073 3626 πέμψουσι
1116 3549 1320 3630 φίλην
1368 3543 1435 3622 ἐς
1477 3546 1758 3630 πατρίδα
1802 3556 2018 3629 γαῖαν.
