2650 3909
393 232 521 295 162
637 242 685 300 ψ
721 234 833 300 (23)
864 228 1167 294 Ὀδυσσέως
1200 231 1310 286 ὑπὸ
1349 229 1679 300 Πηνελόπης
1715 229 2145 302 ἀναγνωρισμός.

389 387 465 456 εὖ
512 392 897 457 διεθείωσεν
944 389 1232 476 μέγαρον
1276 388 1388 456 καὶ
1433 392 1620 476 δῶμα
1665 390 1773 456 καὶ
1819 391 2046 474 αὐλήν.

278 526 361 568 425
476 495 683 582 γρηῢς
729 489 790 561 δ’
834 490 976 561 αὖτ’
1022 494 1229 579 ἀπέβη
1279 497 1390 561 διὰ
1437 497 1704 580 δώματα
1747 492 1890 561 κάλ’
1937 493 2252 579 Ὀδυσῆος

388 600 792 685 ἀγγελέουσα
838 598 1099 685 γυναιξὶ
1144 600 1253 666 καὶ
1300 599 1705 686 ὀτρυνέουσα
1748 599 2046 665 νέεσθαι·

388 708 464 770 αί
501 703 564 771 δ’
610 713 762 772 ἴσαν
810 705 881 772 ἐκ
925 706 1240 791 μεγάροιο
1288 706 1446 783 δάος
1489 707 1649 790 μετὰ
1692 704 1920 792 χερσὶν
1966 708 2250 791 ἔχουσαι.

387 812 461 876 αἰ
501 807 623 895 μὲν
668 807 772 894 ἄρ’
818 809 1222 895 ἀμφεχέοντο
1268 809 1381 875 καὶ
1425 806 1774 895 ἠσπάζοντ’
1824 807 2135 896 Ὀδυσῆα,
2411 866 2423 883 .

184 995 195 1006 ⁸
387 914 495 981 καὶ
540 894 1340 1017 κύνεον(ἀγαπ-ᾳζόμεναι)
1355 917 1649 1000 κεφαλήν
1693 939 1763 980 τε
1808 913 1918 980 καὶ
1964 918 2180 1001 ὤμους
2192 913 2496 990 NQS

36 988 262 1114 aaut,
282 1051 362 1092 500
388 1021 610 1105 χεῖράς
652 1017 706 1085 τ’
759 1021 1130 1112 αἰνρμεναι·
1178 1021 1298 1086 τὸν
1346 1016 1420 1085 δὲ
1464 1024 1710 1103 γλυκὺς
1753 1022 1978 1105 ἵμερος
2021 1021 2166 1108 ᾔρει
2312 960 2608 1114 ’,νωῖιῖ

389 1131 739 1209 κλαυθμοῦ
783 1122 893 1190 καὶ
939 1135 1281 1210 στοναχῆς,
1327 1130 1609 1221 γίν-ωσκε
1656 1120 1718 1190 δ’
1761 1127 1803 1190 ἅ
1846 1150 1888 1190 α
1932 1126 2128 1212 φρεσὶ
2173 1129 2399 1204 πάσας.

1185 1223 1764 1330 „—-›QQQM
1801 1150 2042 1356 ζμ)

1032 1422 1617 1499 ΟΔΤΣΣΕῙΑΣ
1671 1425 1767 1500 Ψ.

478 1550 699 1636 Γρηῢς
744 1548 803 1616 δ’
848 1553 941 1628 εἰς
984 1546 1227 1639 ὑπερῷ’
1272 1550 1628 1635 ἀνεβήσετο
1674 1557 2135 1637 καγχαλόωσα,

391 1656 706 1742 δεσποίνῃ
751 1655 1031 1742 ἐρέουσα
1074 1661 1275 1740 φίλον
1319 1659 1519 1721 πόσιν
1565 1658 1766 1721 ἔνδον
1813 1655 2030 1722 ἐόντα·

390 1762 679 1842 γούνατα
725 1758 785 1826 δ’
832 1761 1238 1847 ἐρρώσαντο,
1281 1762 1486 1837 πόδες
1527 1755 1587 1825 δ’
1630 1762 2187 1846 ὑπερικταίνοντο.
2224 1749 2508 1819 W

392 1874 509 1947 στῆ
556 1863 616 1929 δ’
662 1862 765 1950 ἄρ’
818 1862 984 1949 ὑπὲρ
1032 1871 1321 1948 κεφαλῆς
1366 1869 1483 1930 καί
1521 1889 1637 1947 μιν
1682 1867 1844 1948 πρὸς
1889 1872 2111 1948 μῦθον
2158 1869 2401 1932 ἔειπεν·

336 1997 362 2038 5
481 1973 744 2054 ,,ἔγρεο,
790 1974 1239 2054 Πηνελόπεια,
1282 1975 1483 2055 φίλον
1529 1969 1743 2053 τέκος,
1790 1972 1964 2055 ὄφρα
2011 1972 2190 2055 ἴδηαι

391 2074 800 2159 ὀφθαλμοῖσι
842 2086 1048 2140 τεοῖσι
1092 2076 1172 2141 τά
1216 2072 1269 2140 τ’
1316 2076 1536 2140 ἔλδεαι
1579 2077 1793 2160 ἤματα
1837 2076 2065 2141 πάντα.

390 2174 544 2262 ἦλθ’
591 2177 904 2256 Ὀδυσεὺς
948 2178 1058 2245 καὶ
1104 2177 1289 2246 οἷκον
1338 2181 1656 2264 ἱκάνεται,
1701 2179 1830 2259 ὀψέ
1866 2202 1989 2266 περ
2037 2180 2285 2247 ἐλθών·

390 2293 761 2371 μνηστῆρας
807 2283 867 2349 δ’
913 2288 1201 2351 ἔκτεινεν
1248 2285 1607 2372 ἀγήνορας,
1654 2287 1725 2351 οἵ
1761 2280 1833 2350 θ’
1885 2283 1997 2352 ἑὸν
2042 2282 2227 2352 οἶκον

392 2392 716 2474 κήδεσκον
760 2388 871 2455 καὶ
914 2385 1184 2476 κτήματ’
1228 2392 1385 2456 ἔδον
1431 2394 1714 2474 βιόωντό
1759 2413 1828 2456 τε
1871 2392 2138 2456 παῖδα.“

315 2521 366 2561 ιο
480 2498 602 2580 τὴν
648 2494 709 2561 δ’
753 2491 908 2562 αὖτε
952 2495 1298 2582 προσέειπε
1343 2501 1684 2582 περίφρων
1730 2500 2172 2580 Πηνελόπεια·

483 2612 688 2685 ,,μαῖα
732 2606 913 2685 φίλη,
958 2603 1219 2686 μάργην
1265 2618 1338 2666 σε
1384 2603 1536 2667 θεοὶ
1579 2600 1813 2684 θέσαν,
1864 2603 1934 2667 οἵ
1972 2625 2039 2666 τε
2087 2602 2407 2668 δύνανται

394 2708 656 2791 ἄφρονα
700 2714 969 2787 ποιῆσαι
1014 2703 1125 2768 καὶ
1170 2703 1496 2789 ἐπίφρονά
1538 2726 1659 2791 περ
1706 2704 1859 2789 μάλ’
1902 2705 2125 2789 ἐόντα,

394 2814 511 2875 καί
548 2833 616 2874 τε
660 2806 1182 2895 χαλιφρονέοντα
1227 2810 1691 2892 σαοφροσύνης
1737 2808 2088 2897 ἐπέβησαν·
2180 2811 2311 2868 ωῘ
2337 2806 2440 2868 'xm

398 2916 467 2980 οἵ
507 2913 587 2980 σέ
625 2935 746 2998 περ
793 2915 1111 2998 ἔβλαψαν·
1157 2912 1317 2999 πρὶν
1366 2910 1439 2978 δὲ
1483 2912 1730 2999 φρένας
1776 2916 1999 2998 αἰσίμη
2046 2910 2239 2998 ἦσθα.

100 3039 271 3091 μου(
317 3044 368 3085 15
396 3017 581 3085 τίπτέ
620 3042 699 3102 με
746 3019 1057 3101 λωβεύεις
1101 3016 1524 3083 πολυπενθέα
1567 3021 1793 3101 θυμὸν
1839 3021 2121 3105 ἔχουσαν
2373 3097 2376 3100 ¹

397 3135 598 3191 ταῦτα
642 3120 795 3209 παρ’
841 3121 908 3201 ἐξ
955 3122 1231 3209 ἐρέουσα
1275 3122 1387 3188 καὶ
1431 3122 1498 3201 ἐξ
1543 3124 1759 3189 ὕπνου
1806 3121 1874 3207 μ’
1915 3122 2270 3209 ἀνεγείρεις

397 3227 619 3313 ἡδέος,
666 3229 738 3305 ὅς
783 3226 847 3312 μ’
897 3227 1168 3312 ἐπέδησε
1216 3234 1381 3314 φίλα
1424 3227 1697 3314 βλέφαρ’
1745 3227 2234 3314 ἀμφικαλύψας;

399 3334 480 3400 οὐ
526 3334 649 3417 γάρ
695 3354 797 3398 πω
844 3335 1103 3399 τοιόνδε
1149 3333 1595 3418 κατέδραθον,
1641 3332 1707 3411 ἐξ
1755 3329 1837 3398 οὗ
1876 3328 2223 3410 Ὀδυσσεὺς

401 3436 585 3525 ᾤχετ’
631 3438 1037 3522 ἐποψόμενος
1081 3443 1441 3505 Κακοΐλιον
1487 3439 1611 3504 οὐκ
1656 3439 2048 3522 ὀνομαστήν.

318 3566 374 3606 20
401 3539 540 3607 ἀλλ’
589 3542 705 3625 ἄγε
752 3553 879 3607 νῦν
926 3544 1252 3627 κατάβηθι
1296 3541 1407 3608 καὶ
1453 3543 1546 3622 ἂψ
1594 3544 1784 3628 ἔρχευ
1830 3541 2118 3628 μέγαρον
2163 3542 2255 3608 δέ.
