2650 3909
729 257 765 290 υ
803 240 916 306 (20)
952 236 1022 291 τὰ
1056 237 1167 307 πρὸ
1202 245 1301 306 τῆς
1337 240 1838 307 μνηστηροφονίας.
2165 234 2292 300 125

172 421 248 460 180
274 398 534 474 πάντως
579 395 798 464 οὐκέτι
842 408 966 463 νῶι
1011 395 1508 483 διακρινέεσθαι
1552 398 1670 463 ὀίω

274 504 433 588 πρὶν
477 513 718 589 χειρῶν
765 504 1166 586 γεύσασθαι,
1222 501 1363 568 ἐπεὶ
1409 505 1494 569 σύ
1538 523 1660 589 περ
1708 503 1790 570 οὐ
1834 505 1996 568 κατὰ
2046 506 2295 586 κόσμον

277 611 559 687 αἰτίζεις·
606 606 776 673 εἰσὶν
822 605 898 673 δὲ
943 606 1054 673 καὶ
1099 610 1343 675 ἄλλοθι
1391 611 1606 685 δαῖτες
1642 606 2002 694 Ἀχαιῶνὲξ

365 714 455 790 ὣς
491 714 688 797 φάτο·
724 715 844 780 τὸν
881 711 942 779 δ’
982 715 1063 779 οὔ
1099 737 1163 779 τι
1199 713 1501 799 προσέφη
1535 715 1898 798 πολύμητις
1918 709 2297 794 Ὀδυσσεύς,

276 814 419 884 ἀλλ’
463 817 674 884 ἀκέων
718 824 946 904 κίνησε
990 819 1156 903 κάρη
1204 821 1370 884 κακὰ
1415 821 1950 904 βυσσοδομεύων.

173 946 248 987 185
363 936 534 992 τοῖσι
564 921 635 990 δ’
683 923 790 990 ἐπὶ
825 930 1042 1011 τρίτος
1077 920 1246 1008 ἦλθε
1287 928 1646 1008 Φιλοίτιος,
1683 927 1969 1010 ὄρχαμος
2005 923 2296 1012 ἀνδρῶν,

21 1019 205 1098 ΕΜ»
275 1035 445 1115 βοῦν
490 1042 756 1122 στ-εἴραν
803 1039 1213 1115 μνηστῆρσιν
1259 1032 1444 1113 ἄγων
1488 1028 1599 1095 καὶ
1643 1034 1878 1107 πίονας
1922 1025 2125 1113 αἶγας.

274 1142 615 1220 πορθμῆες
659 1134 728 1201 δ’
772 1139 901 1220 ἄρα
945 1138 1102 1212 τούς
1146 1159 1220 1219 γε
1268 1138 1625 1220 διήγαγον,
1679 1138 1751 1201 οἵ
1789 1159 1858 1200 τε
1901 1133 2010 1200 καὶ
2055 1135 2297 1210 ἄλλους

276 1240 677 1324 ἀνθρώπους
719 1240 1124 1325 πέμπουσιν,
1170 1241 1307 1316 ὅτίς
1353 1257 1559 1324 σφεας
1604 1243 2035 1325 εἰσαφίκηται.

276 1342 386 1409 καὶ
429 1344 508 1410 τὰ
555 1339 675 1426 μὲν
722 1338 797 1408 εὖ
841 1341 1200 1425 κατέδησεν
1244 1340 1357 1407 ὑπ’
1405 1346 1692 1430 αἰθούσῃ
1738 1344 2099 1432 ἐριδούπῳ,

172 1473 251 1513 19⁰
277 1449 475 1525 αὐτὸς
520 1446 581 1513 δ’
624 1442 765 1513 αὖτ’
815 1446 1058 1533 ἐρέεινε
1107 1449 1414 1532 συβώτην
1460 1451 1613 1534 ἄγχι
1657 1449 2012 1534 παραστάς·

368 1558 509 1639 ,,τίς
554 1555 638 1637 δὴ
686 1555 800 1619 ὅδε
846 1553 1060 1632 ξεῖνος
1102 1552 1260 1619 νέον
1307 1556 1690 1638 εἰλήλουθε,
1738 1557 2032 1637 συβῶτα,

275 1659 593 1745 ἡμέτερον
636 1662 801 1745 πρὸς
847 1662 1065 1743 δῶμα;
1110 1657 1280 1724 τέων
1326 1656 1389 1723 δ’
1435 1658 1500 1737 ἐξ
1547 1660 1805 1744 εὔχεται
1851 1653 2023 1723 εἶναι

277 1765 571 1852 ἀνδρῶν;
616 1775 748 1831 ποῦ
796 1763 876 1830 δέ
915 1766 1001 1830 νύ
1047 1765 1119 1830 οἱ
1157 1766 1352 1848 γενεὴ
1398 1762 1507 1829 καὶ
1551 1761 1785 1849 πατρὶς
1828 1765 2109 1849 ἄρουρα;

278 1871 633 1955 δύσμορος·
681 1866 722 1955 ἦ
768 1894 837 1936 τε
885 1873 1057 1936 ἔοικε
1105 1869 1305 1954 δέμας
1350 1874 1619 1954 βασιλῆι
1665 1871 1921 1934 ἄνακτι·
2133 1947 2145 1969 ι
2479 1913 2511 1952 s

170 1996 250 2038 195
276 1974 443 2041 ἀλλὰ
488 1974 640 2041 θεοὶ
686 1978 936 2057 δυόωσι
980 1976 1523 2059 πολυπλάγκτους
1568 1958 2120 2060 ἀνθρώπους,(.,«δ
2152 1980 2282 2050 wxss
2331 1929 2561 2057 Νξὲζω

277 2079 518 2145 ὁππότε
563 2079 673 2144 καὶ
717 2084 1104 2164 βασιλεῦσιν
1151 2079 1643 2146 ἐπικλώσωνται
1689 2081 1933 2159 ὀιζύν.“

365 2179 406 2265 ᾖ
454 2181 564 2247 καὶ
610 2182 903 2268 δεξιτερῇ
950 2186 1318 2277 δειδίσκετο
1366 2184 1537 2271 χειρὶ
1581 2187 1913 2269 παραστὰς
1947 2171 2205 2246 αἶκῗὶἷωὶ
2234 2195 2356 2244 ma·
2383 2155 2484 2267 Q*

277 2290 395 2352 καί
433 2310 549 2370 μιν
594 2289 911 2370 φωνήσας
956 2290 1113 2352 ἔπεα
1157 2292 1515 2372 πτερόεντα
1559 2291 1928 2374 προσηύδα·
2259 2257 2569 2362 ΝΨἪᾸ

369 2401 633 2476 ,,χαῖρε,
677 2391 878 2478 πάτερ
927 2387 979 2457 ὦ
1026 2394 1223 2470 ξεῖνε·
1271 2392 1532 2475 γένοιτό
1577 2417 1681 2459 τοι
1725 2397 1792 2470 ἔς
1834 2415 1956 2478 περ
2003 2395 2252 2459 ὀπίσσω

169 2521 250 2561 200
278 2498 502 2581 ὄλβος·
551 2496 713 2581 ἀτὰρ
761 2493 883 2581 μὲν
927 2506 1057 2563 νῦν
1102 2521 1176 2580 γε
1223 2509 1451 2574 κακοῖς
1495 2500 1673 2583 ἔχεαι
1715 2497 2039 2565 πολέεσσι.

281 2606 414 2668 Ζεῦ
458 2602 693 2686 πάτερ,
739 2603 821 2668 οὔ
867 2626 966 2679 τις
1012 2614 1152 2669 σεῖο
1199 2610 1384 2669 θεῶν
1430 2602 1791 2689 ὀλοώτερος
1834 2604 2058 2681 ἄλλος·

277 2707 401 2773 οὐκ
447 2706 761 2792 ἐλεαίρεις
805 2709 1088 2794 ἄνδρας,
1136 2707 1302 2792 ἐπὴν
1349 2711 1433 2793 δὴ
1480 2713 1728 2797 γείνεαι
1774 2709 1998 2794 αὐτός,
2078 2690 2240 2820 (κινεῖ

276 2812 660 2897 μισγέμεναι
704 2817 1009 2897 κακότητι
1055 2811 1166 2879 καὶ
1211 2816 1443 2897 ἄλγεσι
1490 2813 1962 2898 λευγαλέοισιν.

32 2907 235 3008 >omas
279 2918 487 3000 ἴδιον,
533 2918 622 3014 ᾡς
670 2917 946 3001 ἐνόησα,
991 2920 1429 3002 δεδάκρυνται
1476 2918 1557 2983 δέ
1597 2943 1710 3004 μοι
1755 2921 1910 2984 ὄσσε
2055 2909 2222 2989 πίω.

168 3046 249 3086 205
277 3015 677 3111 μνησαμένω
718 3019 1072 3107 Ὀδυσῆος,
1117 3022 1255 3088 ἐπεὶ
1298 3022 1410 3088 καὶ
1454 3035 1679 3090 κεῖνον
1726 3025 1844 3089 ὀίω

275 3129 496 3194 τοιάδε
544 3125 758 3212 λαίφε’
807 3130 1043 3212 ἔχοντα
1088 3124 1225 3192 κατ’
1271 3127 1678 3213 ἀνθρώπους
1723 3128 2127 3213 ἀλάλησθαι,

276 3238 345 3296 εἴ
378 3254 508 3299 που
556 3236 652 3298 ἔτι
700 3234 844 3311 ζώει
889 3230 1000 3297 καὶ
1046 3233 1171 3319 ὁρᾷ
1215 3233 1385 3316 φάος
1429 3235 1697 3317 ἠελίοιο.

275 3338 340 3401 εἰ
382 3335 444 3402 δ’
485 3339 613 3422 ἤδη
658 3341 940 3423 τέθνηκε
983 3336 1093 3403 καὶ
1139 3340 1240 3403 εἰν
1281 3336 1504 3405 Ἀίδαο
1550 3341 1891 3424 δόμοισιν,

277 3442 445 3525 ώμοι
493 3440 688 3508 ἔπειτ’
735 3438 1053 3527 Ὀδυσῆος
1096 3443 1466 3528 ἀμύμονος,
1512 3446 1585 3522 ὅς
1629 3443 1693 3529 μ’
1741 3442 1847 3510 ἐπὶ
1892 3443 2130 3529 βουσὶν

162 3569 247 3608 210
275 3538 398 3611 εἷσ’
446 3549 539 3612 ἔτι
584 3550 834 3615 τυτθὸν
883 3548 1077 3615 ἐόντα
1123 3552 1581 3635 Κεφαλλήνων
1627 3548 1729 3616 ένὶ
1775 3553 1979 3640 δήμῳ.
