2650 3909
352 192 441 257 50
865 213 908 247 π
946 197 1058 264 (16)
1098 192 1519 264 ἀναγνωρισμὸς
1548 195 1865 258 Ὀδυσσέως.

351 352 553 418 τόνδέ
593 351 650 417 τ’
693 352 819 435 ἐγὼ
865 365 1106 438 κομιῶ,
1151 353 1386 432 ξενίων
1435 353 1513 419 δέ
1554 356 1626 420 οἱ
1664 356 1746 420 οὐ
1792 357 1972 439 ποθὴ
2020 357 2261 421 ἔσται.“

442 457 531 534 ὣς
576 459 780 524 εἰπὼν
827 457 932 524 ἐπὶ
976 462 1137 545 νηὸς
1182 463 1334 545 ἔβη,
1380 457 1677 526 ἐκέλευσε
1725 458 1786 526 δ’
1832 459 2131 546 ἑταίρους

353 563 596 639 αὐτούς
639 559 695 629 τ’
737 563 1090 647 ἀμβαίνειν
1135 563 1263 630 ἀνά
1307 587 1376 628 τε
1422 568 1802 650 πρυμνήσια
1848 571 2068 631 λῦσαι·
2120 571 2126 578 “

355 669 425 734 οἰ
467 667 529 733 δ’
572 664 714 748 αἶψ’
755 673 1095 754 εἴσβαινον
1140 666 1252 733 καὶ
1298 666 1405 733 ἐπὶ
1449 675 1668 752 κληῖσι
1714 670 2006 749 κάθιζον.

246 795 329 835 550
365 772 740 859 Τηλέμαχος
785 771 844 838 δ’
890 774 1021 839 ὑπὸ
1067 771 1309 838 ποσσὶν
1357 772 1635 857 ἐδήσατο
1680 776 1848 839 καλά
1892 773 2158 858 πέδιλα,

354 880 564 944 εἵλετο
614 877 672 943 δ’
721 880 1000 961 ἄλκιμον
1047 880 1267 963 ἔγχος,
1314 877 1685 963 ἀκαχμένον
1731 878 1863 957 ὀξέι
1909 886 2160 968 χαλκῷ,

356 985 516 1067 νηὸς
560 979 671 1047 ἀπ’
719 984 1040 1067 ἰκριόφιν·
1086 981 1190 1047 τοὶ
1237 978 1311 1047 δὲ
1355 981 1711 1069 πρυμνήσι’
1756 987 2017 1051 ἔλυσαν.

354 1089 429 1153 οἰ
467 1084 589 1172 μὲν
634 1087 1009 1164 ἀνώσαντες
1052 1085 1258 1154 πλέον
1304 1087 1371 1164 ἐς
1413 1092 1644 1173 πόλιν,
1691 1091 1779 1166 ὡς
1825 1089 2123 1156 ἐκέλευσε

366 1190 774 1277 Τηλέμαχος,
819 1195 1012 1277 φίλος
1054 1194 1201 1269 υίὸς
1238 1190 1595 1276 Ὀδυσσῆος
1636 1198 1880 1260 θείοιο·

247 1319 329 1360 55⁵
356 1300 473 1363 τὸν
513 1295 571 1362 δ’
618 1294 754 1363 ὦκα
789 1302 1210 1383 προβιβῶντα
1246 1300 1446 1376 πόδες
1480 1298 1712 1386 φέρον,
1749 1299 1901 1387 ὄφρ’
1941 1298 2097 1366 ἵκετ’
2134 1301 2370 1384 αὐλήν,

357 1404 526 1468 ἔνθά
573 1399 644 1469 οὗ
681 1399 851 1487 ἦσαν
895 1404 1009 1481 ὕες
1055 1405 1228 1489 μάλα
1274 1409 1538 1492 μυρίαι,
1583 1399 1695 1491 ᾗσι
1742 1408 2038 1490 συβώτης

357 1509 601 1587 ε’σθλὸς
645 1508 777 1574 ἐὼν
826 1509 1123 1615 ἐνίαυεν,
1168 1509 1519 1577 ἀνάκτεσιν
1563 1514 1724 1595 ἤπια
1770 1513 1979 1589 εἰδώς.

590 1619 1061 1736 aarum&

1001 1796 1586 1870 ΟΔΤΣΣΕΙΑΣ
1639 1799 1740 1870 Π.

454 1925 558 1989 Τὼ
607 1919 666 1988 δ’
713 1918 857 1988 αὖτ’
904 1922 977 1988 ἐν
1022 1925 1243 2007 κλισίῃ
1283 1920 1594 2000 Ὀδυσεὺς
1636 1921 1747 1988 καὶ
1794 1926 1936 2001 δῖος
1978 1924 2274 2011 ὑφορβὸς

357 2027 710 2093 ἐντύνοντο
758 2030 1029 2113 ἄριστον
1076 2023 1185 2110 ἅμ’
1230 2026 1373 2110 ἠοῖ,
1416 2025 1719 2111 κηαμένω
1764 2038 1932 2114 πῦρ,

355 2132 693 2216 ἔκπεμψάν
738 2155 806 2198 τε
851 2140 1103 2216 νομῆας
1148 2127 1259 2215 ἅμ’
1305 2129 1734 2216 ἀγρομένοισι
1778 2134 2033 2198 σύεσσι·

364 2236 745 2323 Τηλέμαχον
791 2233 866 2303 δὲ
909 2239 1339 2323 περίσσαινον
1386 2237 1581 2315 κύνες
1623 2238 2073 2325 ὑλακόμωροι,

301 2370 328 2410 5
357 2341 501 2411 οὐδ’
547 2343 757 2416 ὕλαον
800 2346 1176 2430 προσιόντα.
1267 2345 1467 2426 νόησε
1515 2339 1591 2407 δὲ
1635 2344 1779 2421 δῖος
1817 2340 2167 2422 Ὀδυσσεὺς

357 2450 707 2526 σαίνοντάς
752 2472 821 2513 τε
866 2450 1101 2531 κύνας,
1151 2449 1308 2533 περί
1346 2470 1414 2513 τε
1460 2449 1705 2525 κτύπος
1747 2445 1919 2538 ἦλθε
1964 2451 2248 2515 ποδοῖιν.

356 2551 519 2633 αἶψα
564 2552 626 2619 δ’
668 2533 773 2639 ἄρ’
817 2554 1120 2637 Εὔμαιον
1166 2554 1321 2615 ἔπεα
1365 2556 1724 2634 πτερόεντα
1768 2555 2138 2638 προσηύδα·

446 2655 760 2742 „memes
803 2652 845 2739 ἦ
891 2657 1067 2738 μάλα
1110 2657 1209 2730 τίς
1252 2678 1356 2720 τοι
1402 2654 1735 2720 ἐλεύσεται
1781 2653 2012 2720 ἐνθάδ’
2058 2654 2313 2742 ἑταῖρος

355 2764 396 2847 ἢ
441 2760 551 2827 καὶ
595 2761 927 2844 γνώριμος
971 2760 1198 2843 ἄλλος,
1245 2756 1384 2823 ἐπεὶ
1429 2759 1624 2835 κύνες
1670 2759 1790 2844 οὐχ
1835 2760 2190 2845 ὑλάουσιν,

276 2892 329 2932 10
356 2866 523 2933 ἀλλὰ
567 2868 1092 2952 περισσαίνουσι·
1137 2866 1365 2930 ποδῶν
1412 2860 1472 2929 δ’
1517 2864 1648 2929 ὑπὸ
1696 2866 1950 2930 δοῦπον
1996 2864 2277 2931 ἀκούω.“

446 2973 528 3039 οὔ
572 2993 675 3038 πω
720 2980 852 3037 πᾶν
897 2977 1117 3056 εἴρητο
1164 2972 1348 3053 ἔπος,
1394 2970 1500 3034 ὅτε
1547 2970 1617 3035 οἰ
1657 2973 1853 3054 φίλος
1895 2972 2042 3048 υίὸς

36 3071 253 3188 amq)
357 3080 508 3162 ἔστη
558 3076 659 3143 ε’νὶ
702 3078 1125 3164 προθύροισι.
1215 3076 1444 3170 ταφὼν
1492 3072 1552 3140 δ’
1600 3074 1924 3162 ἀνόρουσε
1970 3077 2298 3160 συβώτης,

358 3183 429 3249 ἐκ
475 3180 535 3248 δ’
581 3186 708 3268 ἄρα
754 3184 825 3249 οἱ
863 3193 1104 3269 χειρῶν
1147 3179 1352 3247 πέσον
1398 3182 1635 3266 ἄγγεα,
1679 3193 1816 3258 τοῖς
1861 3181 2154 3247 ἐπονεῖτο

355 3290 586 3370 κιρνὰς
630 3295 880 3377 αὔθοπα
926 3284 1129 3355 οἶνον.
1221 3288 1257 3353 ὁ
1305 3285 1369 3352 δ’
1411 3285 1634 3363 ἀντίος
1675 3282 1887 3371 ἦλθεν
1931 3289 2239 3371 ἄνακτος,

278 3417 330 3458 15
357 3395 558 3459 κύσσε
606 3392 686 3458 δέ
725 3418 840 3477 μιν
885 3397 1179 3478 κεφαλήν
1224 3415 1292 3457 τε
1339 3390 1449 3456 καὶ
1494 3393 1690 3476 ἄμφω
1735 3392 1905 3477 φάεα
1950 3393 2117 3458 καλὰ

357 3498 579 3585 χεῖράς
623 3494 682 3562 τ’
731 3496 1123 3582 ἀμφοτέρας·
1169 3498 1463 3583 θαλερὸν
1511 3494 1591 3561 δέ
1631 3497 1703 3562 οἱ
1742 3499 1966 3564 ἔκπεσε
2014 3498 2245 3584 δάκρυ.
