2650 3909
396 200 480 262 12
829 222 861 254 ν
898 202 1010 271 (13)
1042 199 1346 262 Ὀδυσσεως
1382 201 1574 269 ἄφιξις
1610 200 1691 263 εἰς
1721 198 1972 270 Ἰθάκην.

393 355 585 442 ἧσται
631 359 732 424 ἐνὶ
778 360 1193 445 μεγάροισιν,
1238 360 1495 447 ὀιζυραὶ
1541 361 1621 426 δέ
1662 364 1733 427 oc
1773 361 1902 427 αἰεὶ
2012 376 2016 380 ’

395 468 764 549 φθίνουσιν
809 465 1041 542 νύκτές
1086 489 1154 531 τε
1198 465 1308 531 καὶ
1353 468 1569 550 ἤματα
1614 467 1824 551 δάκρυ
1871 470 2128 553 χεούσῃ.

22 544 291 629 &affl
394 570 601 655 αὐτὰρ
649 569 776 653 ε’γὼ
823 573 896 635 τὸ
943 568 1064 654 μὲν
1110 572 1192 636 οὔ
1238 569 1382 636 ποτ’
1425 569 1767 665 &affinem
1813 569 1954 636 ἀλλ’
2003 571 2102 637 ἐνὶ
2145 580 2346 659 θυμῷ

290 695 370 735 34⁰
396 672 567 759 ᾔδε’,
613 674 649 740 ὃ
696 678 1037 758 νοστήσεις
1082 674 1314 751 ὀλέσας
1360 677 1487 740 ἄπο
1533 676 1782 752 πάντας
1827 673 2147 762 ἑταίρους·
2287 666 2290 669 ’

397 780 562 844 ἀλλά
606 804 709 846 τοι
753 781 876 846 οὐκ
921 779 1207 864 ἐθέλησα
1255 781 1680 845 Ποσειδάωνι
1726 781 2051 867 μάχεσθαι

395 888 1007 973 πατροκασιγνήτῳ,
1053 885 1125 961 ὅς
1168 909 1271 950 τοι
1315 888 1514 950 κότον
1560 888 1792 951 ἔνθετο
1838 893 2035 973 θυμῷ
2050 934 2068 968 ,

397 992 728 1074 χωόμενος
772 989 873 1054 ὅτι
920 991 991 1054 οί
1027 990 1181 1054 υίὸν
1226 994 1428 1073 φίλον
1474 990 1863 1072 ἐξαλάωσας.

398 1090 538 1158 ἀλλ’
589 1095 705 1176 ἄγε
751 1118 852 1159 τοι
900 1094 1093 1172 δείξω
1135 1093 1398 1177 Ἰθάκης
1443 1094 1622 1176 ἕδος,
1670 1097 1844 1179 ὄφρα
1888 1099 2229 1180 πεποίθῃς.

293 1219 372 1261 345
402 1201 747 1284 Φόρκυνος
792 1196 913 1282 μὲν
959 1196 1058 1263 ὅδ’
1105 1198 1243 1265 ἐστὶ
1289 1203 1523 1284 λιμήν,
1569 1199 1783 1265 ἁλίοιο
1829 1197 2167 1283 γέροντος,

397 1299 515 1386 ἥδε
563 1301 623 1368 δ’
650 1303 770 1369 ἐπὶ
820 1307 1058 1389 κρατὸς
1104 1302 1370 1388 λιμένος
1414 1306 1835 1388 τανύφυλλος
1880 1304 2089 1389 ἐλαίη·

398 1404 605 1475 ἀγχόθι
641 1405 697 1461 δ’
731 1408 904 1477 αὐτῆς
940 1407 1147 1478 ἄντρον
1186 1404 1498 1478 ἐπήρατον,
1534 1408 1842 1480 ἠεροειδές,

399 1491 520 1564 ἱρὸν
557 1494 886 1566 Νυμφάων,
924 1495 987 1550 αἳ
1021 1494 1253 1564 νηιάδες
1288 1494 1611 1551 καλέονται·

397 1592 590 1650 τοῦτο
639 1584 720 1651 δέ
758 1611 860 1651 τοι
907 1584 1103 1661 σπέος
1146 1586 1342 1668 εὐρύ,
1387 1585 1778 1670 κατηρεφές,
1823 1589 1991 1650 ἔνθα
2037 1588 2121 1648 σὺ
2161 1587 2406 1662 πολλὰς

294 1712 373 1751 850
400 1688 703 1773 ἔρδεσκες
747 1692 1073 1775 Νύμφῃσι
1118 1688 1467 1773 τεληέσσας
1514 1687 1895 1772 ἑκατόμβας·

399 1802 592 1857 τοῦτο
640 1791 714 1858 δὲ
758 1796 1057 1877 Νήριτόν
1103 1791 1281 1857 ε’στιν
1327 1795 1481 1877 ὄρος
1525 1790 1952 1875 καταειμένον
1995 1793 2183 1878 ὕλῃ.“

490 1906 577 1981 ὣς
622 1909 896 1971 εἰποῦσα
939 1907 1068 1969 θεὰ
1115 1904 1377 1970 σκέδασ’
1423 1904 1615 1990 ἠέρα,
1648 1912 1878 1990 ,εἴσατο
1927 1903 1999 1971 δὲ
2044 1909 2256 1992 χθών·

400 2009 696 2094 γήθησέν
740 2007 794 2075 τ’
840 2004 944 2095 ἄρ’
989 2013 1207 2075 ἔπειτα
1250 2011 1579 2087 πολύτλας
1624 2013 1765 2088 δῖος
1805 2010 2155 2090 Ὀδυσσεὺς

400 2119 650 2200 χαίρων
695 2109 738 2200 ᾗ
784 2119 969 2200 γαίῃ,
1014 2116 1171 2179 κύσε
1212 2112 1286 2180 δὲ
1336 2118 1644 2201 ζείδωρον
1690 2118 2001 2202 ἄρουραν.

297 2240 375 2283 355
406 2219 636 2283 αὐτίκα
683 2216 756 2283 δὲ
800 2221 1093 2305 Νύμφῃς
1135 2221 1423 2305 ἠρήσατο
1470 2233 1688 2306 χεῖρας
1733 2221 2062 2307 ἀνασχών·

490 2335 815 2420 ,,Νύμφαι
858 2335 1154 2419 νηιάδες,
1199 2345 1437 2419 κοῦραι
1483 2338 1682 2419 Διός,
1728 2337 1808 2402 οὔ
1854 2335 1997 2402 ποτ’
2040 2341 2242 2420 ἔγωγε

405 2437 642 2519 ὄψεσθ’
685 2437 844 2524 ὔμμ’
892 2440 1176 2524 ἐφάμην·
1222 2451 1350 2505 νῦν
1398 2438 1457 2504 δ’
1504 2441 1794 2525 εὐχωλῇς
1837 2440 2116 2524 ἀγανῇσι

402 2544 674 2628 χαίρετ’·
727 2544 889 2629 ἀταρ
935 2544 1046 2608 καὶ
1093 2546 1274 2625 δῶρα
1322 2546 1717 2627 διδώσομεν,
1764 2547 1852 2619 ώς
1896 2548 1969 2608 τὸ
2014 2546 2220 2628 πάρος
2262 2566 2406 2629 περ,

401 2656 479 2714 αἴ
512 2672 628 2714 κεν
675 2648 751 2734 ἐᾷ
795 2651 1114 2733 πρόφρων
1158 2671 1235 2731 με
1284 2649 1450 2724 Διὸς
1491 2649 1793 2747 θυγάτηρ
1840 2647 2097 2732 ἀγελείη
2132 2638 2260 2715 dm
2245 2695 2336 2725 q
2370 2676 2400 2711 a
2437 2676 2548 2723 3⁸
2559 2668 2598 2717 „f

295 2775 375 2814 360
403 2754 606 2818 αὐτόν
651 2775 717 2816 τε
767 2753 951 2829 ζώειν
996 2754 1112 2815 καί
1149 2775 1262 2834 μοι
1307 2755 1508 2835 φίλον
1552 2752 1704 2815 υἱὸν
1723 2750 1921 2849 χιΞιὲ-ξῃ.
1923 2753 1965 2787 “
2397 2716 2414 2773 r

488 2868 607 2931 τὸν
653 2859 712 2928 δ’
757 2859 910 2929 αὖτε
955 2862 1299 2949 προσέειπε
1345 2866 1473 2929 θεὰ
1518 2870 1890 2947 γλαυκῶπις
1928 2862 2203 2948 Ἀθήνη·

493 2970 797 3055 ,,θάρσει·
844 2972 934 3053 μή
980 2993 1080 3035 τοι
1126 2979 1331 3034 ταῦτα
1375 2970 1536 3053 μετα
1581 2968 1775 3054 φρεσὶ
1822 2980 1973 3055 σῇσι
2018 2973 2370 3053 μελόντων.

407 3076 573 3142 ἀλλὰ
617 3079 912 3162 χρήματα
957 3071 1077 3158 μὲν
1124 3084 1308 3161 μυχῷ
1358 3076 1604 3160 ἄντρου
1648 3079 2029 3141 θεσπεσίοιο

401 3186 677 3264 θείομεν
724 3181 956 3246 αὐτίκα
1000 3189 1158 3264 νῦν,
1204 3181 1315 3245 ἵνα
1361 3201 1483 3264 περ
1530 3180 1685 3244 τάδε
1730 3204 1831 3245 τοι
1877 3184 1999 3244 σόα
2043 3184 2272 3266 μίμνῃ·

296 3307 376 3347 365
405 3284 593 3351 αὐτοὶ
641 3282 714 3350 δὲ
759 3282 1132 3369 φραζώμεθ’
1178 3285 1354 3362 ὅπως
1399 3281 1495 3369 ὄχ’
1541 3286 1774 3369 ἄριστα
1818 3284 2144 3369 γένηται.“

493 3398 582 3474 ὣς
626 3400 900 3463 εἰποῦσα
943 3399 1071 3463 θεὰ
1118 3401 1278 3464 δῦνε
1325 3396 1520 3474 σπέος
1564 3396 1925 3482 ἠεροειδές,

409 3502 730 3588 μαιομένη
776 3510 1167 3586 κευθμῶνας
1212 3503 1339 3568 ἀνὰ
1385 3500 1602 3579 σπέος·
1652 3504 1855 3589 αὐτὰρ
1897 3501 2248 3583 Ὀδυσσεὺς
