2650 3909
874 270 904 306 ο
945 254 1055 321 (15)
1097 251 1423 321 Τηλεμάχου
1462 248 1755 315 ἐπάνοδος.
2230 253 2318 319 39

305 405 432 475 ὧδε
481 408 562 476 δέ
602 411 673 476 οἱ
712 409 1066 495 φρονέοντι
1114 413 1440 477 δοάσσατο
1486 411 1755 496 κέρδιον
1800 409 1999 478 εἶναι·

199 537 277 578 205
307 512 529 600 στρέψ’
575 517 818 592 ἵππους
863 513 970 581 ἐπὶ
1014 525 1143 600 νῆα
1185 519 1364 601 θοὴν
1408 515 1520 582 καὶ
1562 524 1727 582 θῖνα
1771 518 2144 600 θαλάσσης,

304 609 418 704 νηὶ
464 618 522 684 δ’
572 617 671 685 ἐνὶ
714 628 979 705 πρυμνῇ
1027 618 1327 698 ἐξαίνυτο
1374 622 1655 704 κάλλιμα
1701 623 1915 707 δῶρα,

306 725 552 808 ἐσθῆτα
598 728 846 809 χρυσόν
892 747 994 808 τε,
1040 726 1120 791 τά
1166 727 1238 790 οἱ
1275 723 1622 802 Μενέλαος
1666 727 1897 791 ἔδωκε·

304 833 420 895 καί
458 854 574 914 μιν
620 829 1006 915 ἐποτρύνων
1051 833 1208 896 ἔπεα
1251 834 1610 915 πτερόεντα
1652 829 2025 917 προσηύδα·

395 937 697 1020 »σπουδῇ
743 945 872 1001 νῦν
917 935 1235 1021 ἀνάβαινε
1280 934 1513 1001 κέλευέ
1551 959 1620 1001 τε
1665 937 1915 1014 πάντας
1961 934 2293 1022 ἑταίρους,

199 1061 278 1102 210
303 1039 484 1127 πρὶν
511 1037 622 1124 ἐμὲ
669 1039 880 1106 οἴκαδ’
931 1040 1192 1107 ἱκέσθαι
1239 1042 1636 1125 ἀπαγγεῖλαί
1673 1065 1742 1107 τε
1789 1040 2069 1128 γέροντι.

304 1141 380 1210 εὖ
426 1147 550 1232 γὰρ
599 1145 726 1229 ἐγὼ
772 1147 925 1211 τόδε
971 1142 1124 1212 οἶδα
1169 1148 1332 1212 κατὰ
1377 1144 1592 1232 φρένα
1636 1145 1746 1212 καὶ
1791 1149 1952 1212 κατὰ
1996 1150 2246 1230 θυμόν·

305 1243 444 1327 οἷος
487 1253 714 1316 κείνου
759 1254 978 1334 θυμὸς
1021 1250 1368 1336 ὑπέρβιος,
1413 1253 1495 1316 οὔ
1543 1268 1616 1317 σε
1662 1254 1973 1336 μεθήσει,
2192 1315 2204 1327 ,

305 1351 447 1419 ἀλλ’
496 1355 693 1430 αὐτὸς
736 1353 992 1420 καλέων
1040 1354 1223 1442 δεῦρ’
1264 1363 1539 1442 εἴρξεται,
1586 1356 1748 1421 οὐδέ
1788 1356 1827 1421 ἕ
1863 1382 2033 1442 φημι
2085 1345 2298 1411 wat&
2346 1354 2642 1415 mvn-...1

306 1460 399 1539 ἂψ
447 1458 619 1524 ἰέναι
663 1462 920 1524 κενεόν·
968 1460 1143 1544 μάλα
1187 1462 1313 1547 γὰρ
1362 1462 1793 1546 κεχολώσεται
1840 1462 2105 1546 ἔμπης.“

199 1586 278 1627 215
395 1564 486 1641 ὣς
530 1566 659 1646 ἄρα
704 1566 1020 1648 φωνήσας
1064 1567 1297 1630 ἔλασεν
1344 1568 1758 1651 καλλίτριχας
1800 1566 2039 1642 ἵππους
2080 1648 2083 1652 .

305 1670 399 1747 ἂψ
445 1673 725 1734 Πυλίων
770 1671 864 1744 εἰς
907 1671 1106 1752 ἄστυ,
1148 1677 1331 1746 θοῶς
1377 1670 1435 1735 δ’
1483 1673 1612 1755 ἄρα
1657 1665 1917 1754 δώμαθ’
1958 1672 2161 1737 ἵκανε.

316 1773 689 1859 Τηλέμαχος
734 1771 797 1838 δ’
842 1771 1176 1860 ἑτάροισιν
1221 1774 1587 1862 ἐποτρύνας
1632 1774 1999 1842 ἐκέλευσεν·

396 1878 815 1964 ,,ἐγκοσμεῖτε
861 1881 941 1944 τὰ
985 1878 1225 1965 τεύχε’,
1273 1878 1553 1964 ἑταῖροι,
1597 1879 1711 1966 νηὶ
1755 1886 2063 1968 μελαίνῃ,

306 1985 502 2051 αὐτοί
539 1983 596 2049 τ’
640 1984 1095 2069 ἀμβαίνωμεν,
1140 1987 1252 2051 ἵνα
1296 1989 1693 2072 πρήσσωμεν
1740 1987 1990 2053 ὁδοῖο.“

200 2114 280 2153 220
395 2090 483 2166 ὣς
511 2088 739 2174 ἔφαθ’,
771 2090 840 2155 οἱ
872 2088 931 2154 δ’
971 2092 1099 2173 ἄρα
1124 2100 1246 2156 τοῦ
1273 2091 1448 2175 μάλα
1475 2088 1598 2175 μὲν
1626 2094 1831 2157 κλύον
1859 2089 1979 2176 ἠδὲ
2014 2096 2323 2177 πίθοντο,

307 2190 468 2273 αἶψα
516 2192 576 2259 δ’
623 2192 724 2278 ἄρ’
770 2199 1111 2278 εἴσβαινον
1155 2194 1264 2261 καὶ
1312 2195 1418 2261 ἐπὶ
1463 2203 1684 2280 κληῖσι
1728 2198 2021 2275 κάθιζον.

393 2300 540 2381 ἤτοι
586 2298 621 2363 ὁ
669 2295 792 2382 μὲν
837 2301 916 2363 τὰ
960 2312 1224 2366 πονεῖτο
1269 2298 1380 2366 καὶ
1426 2302 1652 2385 εὔχετο
1667 2350 1686 2384 ,
1728 2308 1858 2366 θῦε
1906 2301 1964 2366 δ’
2014 2301 2265 2388 Ἀθήνῃ

306 2401 419 2487 νηὶ
463 2403 641 2489 πάρα
684 2413 978 2489 πρυμνῇ·
1028 2406 1353 2489 σχεδόθεν
1400 2402 1481 2469 δέ
1520 2406 1591 2469 oc
1627 2407 1883 2489 ἤλυθεν
1931 2405 2099 2492 ἀνὴρ

307 2510 700 2593 τηλεδαπός,
745 2508 1017 2592 φεύγων
1065 2507 1130 2586 ἐξ
1152 2506 1427 2591 ’Ἀργεος
1471 2510 1684 2595 ἄνδρα
1729 2510 2076 2593 κατακτάς,

200 2638 279 2679 225
307 2615 561 2699 μάντις·
611 2612 774 2700 ἀτὰρ
821 2615 1058 2697 γενεήν
1103 2637 1177 2696 γε
1223 2615 1673 2697 Μελάμποδος
1720 2617 1990 2697 ἔκγονος
2033 2611 2184 2699 ἦεν,

117 2717 132 2731 ’
307 2719 378 2797 ὃς
422 2717 582 2804 πρὶν
628 2717 750 2803 μέν
793 2715 936 2785 ποτ’
984 2721 1159 2784 ἔναιε
1208 2720 1416 2808 Πύλῳ
1464 2722 1597 2803 ἔνι,
1642 2718 1870 2804 μητέρι
1915 2723 2174 2804 μήλων,
2507 2775 2524 2789 .

306 2825 578 2909 ἀφνειὸς
623 2828 941 2890 Πυλίοισι
986 2818 1130 2908 μέγ’
1174 2823 1366 2913 ἔξοχα
1412 2827 1680 2908 δώματα
1722 2829 1964 2891 ναίων·
2248 2803 2504 2918 &Isth-⁶1⁴
2527 2837 2548 2874 ¹

308 2931 390 3014 δὴ
437 2933 582 2995 τότε
628 2927 688 3012 γ’
734 2931 956 2995 ἄλλων
1003 2932 1215 3015 δῆμον
1261 2930 1565 3015 ἀφίκετο,
1608 2932 1891 3016 πατρίδα
1935 2932 2205 3015 φεύγων

305 3033 537 3119 Νηλέα
580 3057 648 3099 τε
694 3035 1120 3118 μεγάθυμον,
1164 3035 1574 3119 ἀγαυότατον
1624 3038 1956 3117 ζωόντων,

200 3165 280 3205 220
308 3140 380 3217 ὅς
426 3141 497 3204 οἰ
534 3141 832 3226 χρήματα
877 3140 1088 3204 πολλὰ
1132 3143 1536 3226 τελεσφόρον
1582 3142 1676 3215 εἰς
1721 3138 2026 3205 ἐνιαυτὸν

96 3237 440 3339 &Vs-lx&
487 3249 617 3330 βίῃ.
709 3244 744 3310 ὁ
793 3240 866 3308 δὲ
910 3241 1070 3319 τέως
1113 3240 1239 3327 μὲν
1283 3244 1384 3310 ἑνὶ
1429 3245 1738 3328 μεγάροις
1787 3244 2122 3309 Φυλάκοιο

310 3352 528 3437 δεσμῷ
578 3350 650 3415 ἐν
696 3347 994 3438 ἀργαλέω
1036 3348 1302 3433 δέδετο,
1348 3347 1605 3435 κρατέρ’
1651 3352 1851 3432 ἄλγεα
1894 3351 2196 3436 πάσχων,

306 3457 526 3520 εἵνεκα
570 3459 841 3540 Νηλῆος
886 3456 1128 3542 κούρης
1173 3456 1329 3539 ἄτης
1371 3479 1441 3520 τε
1486 3458 1780 3541 βαρείης,

306 3563 430 3643 τήν
476 3561 546 3625 οἱ
588 3558 692 3624 ἐπὶ
736 3558 934 3645 φρεσὶ
977 3567 1145 3644 θῆκε
1191 3562 1319 3625 θεά
1368 3562 1724 3665 δασπλῆτις
1762 3558 2035 3645 Ἐρινύς.
