2650 3909
374 199 500 262 168
610 209 655 266 ψ
696 199 806 268 (23)
837 195 1142 260 Ὀδυσσέως
1176 197 1286 252 ὑπὸ
1325 195 1657 266 Πηνελόπης
1692 197 2128 268 ἀναγνωρισμός.

263 383 340 423 180
367 361 539 425 κώεα
584 358 694 424 καὶ
738 362 1009 444 χλαίνας
1054 357 1164 423 καὶ
1209 359 1414 444 ῥήγεα
1460 360 1911 441 σιγαλόεντα.“

457 463 545 540 ὣς
588 462 694 550 ἄρ’
736 466 861 549 ἔφη
907 467 1139 539 πόσιος
1181 462 1580 549 πειρωμένη·
1628 464 1834 549 αὐτὰρ
1874 462 2228 541 Ὀδυσσεὺς

367 569 661 654 ὀχθήσας
704 570 948 653 ἄλοχον
993 569 1417 654 προσεφώνεε
1464 565 1644 634 κέδν’
1689 570 1973 634 εἰδυῖαν·

457 670 552 758 ,,ὦ
599 676 826 758 γύναι,
871 667 913 754 ἦ
960 673 1134 756 μάλα
1180 683 1375 739 τοῦτο
1423 675 1578 751 ἔπος
1620 670 1960 758 θυμαλγὲς
2005 676 2230 751 ἔειπες.

365 783 462 856 τίς
508 778 589 844 δέ
628 803 741 863 μοι
785 774 1012 843 ἄλλοσ’
1057 781 1254 862 ἔθηκε
1302 775 1517 862 λέχος;
1564 780 1850 862 χαλεπὸν
1898 777 1978 843 δέ
2017 802 2131 843 κεν
2177 785 2276 862 εἴη

263 910 337 949 185
366 883 475 949 καὶ
520 881 673 968 μάλ’
717 881 1153 971 ἐπισταμένῳ,
1201 883 1469 973 ὅτε-μη,
1487 885 1647 959 θεὸς
1692 882 1888 959 αὐτὸς
1934 883 2234 949 ἐπελθὼν
2306 883 2550 948 ΜΛΔ

367 989 640 1071 ῥηιδίως
686 986 939 1053 ἐθέλων
985 990 1138 1071 θείη
1184 989 1353 1071 ἄλλῃ
1400 984 1501 1052 ἐνὶ
1544 989 1742 1073 χώρῃ.

366 1093 632 1179 ἀνδρῶν
678 1089 741 1157 δ’
785 1093 866 1158 οὔ
912 1090 1027 1158 κέν
1071 1115 1169 1168 τις
1217 1094 1377 1171 ζωὸς
1419 1095 1687 1178 βροτός,
1733 1090 1892 1158 οὐδὲ
1937 1092 2087 1178 μάλ’
2132 1094 2344 1178 ἡβῶν,

366 1198 511 1283 ῥεῖα
556 1201 1071 1282 μετοχλίσσειεν,
1117 1194 1256 1261 ἐπεὶ
1301 1195 1468 1280 μέγα
1515 1206 1688 1294 σῇμα
1731 1197 2027 1265 τέτυκται
2081 1186 2281 1272 Q

367 1301 440 1367 ἐν
486 1301 659 1388 λέχει
707 1302 992 1391 ἀσκητῷ·
1038 1305 1112 1368 τὸ
1161 1300 1220 1367 δ’
1270 1301 1398 1385 ἐγὼ
1444 1304 1655 1388 κάμον
1702 1303 1869 1370 οὐδέ
1907 1328 2005 1382 τις
2048 1307 2261 1382 ἄλλος.

261 1436 339 1474 190
364 1408 625 1492 θάμνος
670 1411 796 1492 ἔφυ
842 1409 1260 1492 τανύφυλλος
1306 1406 1529 1491 ἐλαίης
1573 1407 1794 1491 ἕρκεος
1839 1408 2053 1494 ἐντός,
2173 1478 2186 1492 ,

18 1495 180 1589 (2126,
200 1494 687 1622 μΜὲ-μηνός,
733 1511 1079 1580 θαλέθων·
1124 1512 1403 1597 πάχετος
1449 1510 1509 1577 δ’
1551 1507 1636 1596 ἦν
1680 1514 1835 1597 ἠύτε
1881 1518 2061 1596 κίων.
2073 1491 2264 1581 ’ΨΜ-ί

365 1628 455 1706 τῷ
506 1617 566 1683 δ’
613 1617 740 1702 ἐγὼ
787 1609 1534 1703 ἀμφιβαλὼνρθάλαμον
1579 1616 1805 1702 δέμον,
1852 1616 2008 1705 ὄφρ’
2056 1619 2379 1705 ἐτέλεσσα,

365 1733 692 1808 πυκνῇσιν
740 1723 1118 1804 λιθάδεσσι,
1163 1721 1272 1788 καὶ
1319 1718 1394 1787 εὖ
1440 1724 1871 1809 καθύπερθεν
1917 1726 2149 1809 ἔρεψα,

365 1830 682 1912 κολλητὰς
728 1825 790 1892 δ’
834 1826 1125 1911 ἐπέθηκα
1168 1828 1417 1912 θύρας,
1460 1838 1752 1902 πυκινῶς
1796 1827 2130 1912 ἀραρυίας.

55 1987 119 2011 2.
262 1958 339 1999 195
366 1932 475 1998 καὶ
518 1931 647 1998 τότ’
696 1928 888 1997 ἔπειτ’
934 1929 1228 2008 ἀπέκοψα
1273 1934 1487 2014 κόμην
1530 1933 1958 2015 τανυφύλλου
2005 1932 2254 2018 ἐλαίης,

30 2001 219 2104 {224ka
365 2039 618 2168 xgppbv
665 2036 725 2101 δ’
770 2035 842 2100 ἐκ
888 2036 1066 2120 ῥίζης
1109 2036 1466 2126 προταμὼν
1512 2035 1843 2129 ἀμφέξεσα
1886 1988 2577 2146 Zastxffiwfflb

176 2155 189 2176 ¹
367 2166 442 2207 ευ
488 2140 597 2206 καὶ
643 2139 1118 2224 ἐπισταμένως,
1163 2139 1272 2206 καὶ
1320 2140 1425 2206 ἐπὶ
1473 2142 1776 2226 στάθμην
1824 2148 2061 2227 ἴθυνα,

34 2217 161 2326 [ME-
183 2237 320 2348 Ν
369 2245 579 2337 ἑρμῖν’
621 2245 941 2330 ἀσκήσας,
985 2244 1262 2333 τέτρηνα
1310 2243 1385 2311 δὲ
1429 2247 1641 2312 πάντα
1686 2246 1983 2336 τερέτρῳ.

368 2353 440 2418 ἐκ
486 2349 560 2417 δὲ
603 2361 725 2418 τοῦ
770 2352 1131 2438 ἀρχόμενος
1176 2350 1363 2438 λέχος
1408 2352 1622 2435 ἔξεον,
1669 2349 1822 2439 ὄφρ’
1868 2352 2522 2470 ἐτέλεσσαμνα-νκψῖ

262 2485 341 2524 200
369 2458 745 2523 δαιδάλλων
790 2467 1013 2544 χρυσῷ
1059 2481 1128 2523 τε
1173 2455 1283 2522 καὶ
1328 2437 1596 2546 &effi-⁵2²9
1642 2454 1748 2540 ἠδ’
1795 2455 2126 2541 ἐλέφαντι·
2424 2448 2588 2556 Μ’]

369 2563 443 2628 ἐν
489 2559 551 2628 δ’
597 2561 897 2637 ἐτάνυσό
947 2562 1182 2648 ἱμάντα
1227 2565 1386 2646 βοὸς
1429 2567 1684 2646 φοίνικι
1729 2567 2027 2647 φαεινόν.

368 2668 540 2733 οὕτω
585 2690 691 2733 τοι
732 2669 882 2732 τόδε
929 2677 1105 2752 σῆμα
1148 2667 1628 2751 πιφαύσκομαι·
1676 2665 1841 2732 οὐδέ
1879 2691 1943 2740 τι
1987 2664 2167 2751 οἶδα,

366 2775 409 2856 ἤ
454 2795 567 2856 μοι
614 2770 703 2836 ἔτ’
748 2772 1035 2854 ἔμπεδόν
1081 2769 1248 2854 ἐστι,
1294 2772 1524 2853 γύναι,
1570 2769 1786 2856 λέχος,
1830 2767 1914 2855 ἦέ
1952 2795 2050 2850 τις
2091 2776 2220 2858 ἤδη

368 2877 637 2963 ἀνδρῶν
683 2872 909 2941 ἄλλοσ’
953 2877 1184 2960 ἔθηκε,
1229 2877 1453 2960 ταμὼν
1495 2875 1624 2941 ὕπο
1669 2874 1955 2961 πυθμέν’
2002 2877 2280 2963 ἐλαίης.“

262 3009 342 3050 205
460 2982 549 3059 ὣς
585 2982 782 3066 φάτο,
819 2988 933 3063 τῆς
970 2977 1030 3045 δ’
1066 2979 1272 3046 αὐτοῦ
1308 2981 1469 3046 λύτο
1506 2982 1796 3064 γούνατα
1822 2980 1931 3046 καὶ
1968 2987 2170 3065 φίλον
2195 2980 2379 3070 ἦτορ,

370 3083 599 3173 σήματ’
647 3086 1061 3171 ἀναγνούσῃ,
1106 3086 1185 3150 τά
1232 3086 1303 3151 οί
1343 3087 1589 3171 ἔμπεδα
1633 3085 1915 3173 πέφραδ’
1964 3085 2326 3165 Ὀδυσσεύς.

372 3194 755 3279 δακρύσασα
803 3189 862 3256 δ’
909 3189 1104 3256 ἔπειτ’
1153 3194 1307 3268 ἰθὺς
1351 3196 1526 3274 κίεν,
1572 3191 1738 3276 ἀμφὶ
1784 3189 1859 3257 δὲ
1903 3204 2122 3278 χεῖρας

371 3300 557 3382 δειρῇ
604 3293 792 3382 βάλλ’
840 3295 1134 3380 Ὀδυσῆι,
1179 3298 1345 3382 κάρη
1394 3294 1456 3362 δ’
1500 3294 1677 3362 ἕκυσ’
1723 3293 1842 3380 ἠδὲ
1886 3299 2256 3380 προσηύδα·

54 3454 113 3486 μ
164 3444 255 3478 om
460 3403 592 3486 ,,μή
629 3426 767 3486 μοι,
794 3400 1137 3485 Ὀδυσσεῦ,
1173 3403 1429 3485 σκύζευ,
1466 3400 1605 3467 ἐπεὶ
1638 3402 1719 3465 τά
1753 3422 1876 3485 περ
1907 3403 2072 3466 ἄλλα
2104 3404 2382 3487 μάλιστα

265 3531 345 3570 210
414 3507 751 3590 νθρώπων
797 3505 1118 3578 πέπνυσο·
1164 3487 1316 3572 θᾶἶὶ
1363 3505 1421 3572 δ’
1471 3508 1726 3583 ὤπαζον
1772 3505 1984 3592 ὀιζύν,
