2650 3909
373 220 460 287 98
852 238 885 274 σ
920 221 1034 291 (18)
1065 218 1369 283 Ὀδυσσέως
1403 218 1502 274 καὶ
1528 216 1679 289 Ἴρου
1713 220 1919 290 πυγμή.

374 392 464 446 τῶ
511 377 590 446 κέ
628 378 695 464 μ’
742 381 910 457 ἴδοις
951 381 1310 466 πρώτοισιν
1358 378 1459 445 ἐνὶ
1503 379 1901 464 προμάχοισι
1943 376 2213 463 μιγέντα

267 508 348 549 330
376 482 522 551 οὐδ’
565 486 651 566 ἄν
696 509 810 569 μοι
855 486 976 573 τὴν
1022 482 1281 570 γαστέρ’
1328 485 1669 564 ὀνειδίζων
1715 484 2075 568 ἀγορεύοις.

374 591 541 656 ἀλλὰ
587 588 735 674 μάλ’
764 591 1073 680 [ὑβρίζεις
1117 594 1234 655 καί
1272 614 1376 656 τοι
1420 593 1576 667 νόος
1621 588 1801 655 ἐστὶν
1846 589 2125 674 ἀπηνής·
2193 561 2351 657 W

372 700 489 762 καί
526 718 658 762 που
703 718 803 772 τις
847 693 1095 772 δοκέεις
1137 692 1342 779 μέγας
1386 697 1657 779 ἔμμεναι
1702 691 1823 779 ἡδὲ
1866 680 2204 781 κρῖταιός,

374 801 617 867 οὕνεκα
661 800 793 885 πὰρ
840 802 1153 885 παύροισι
1197 798 1306 864 καὶ
1354 799 1476 864 οὐκ
1521 798 1876 882 ἀγαθοῖσιν
1922 799 2185 883 ὁμιλεῖς.

373 908 436 970 εί
478 900 539 970 δ’
587 902 896 981 Ὀδυσεὺς
940 907 1132 970 ἔλθοι
1176 900 1286 968 καὶ
1332 901 1522 969 ἵκοιτ’
1565 902 1631 980 ἐς
1672 905 1955 989 πατρίδα
1999 914 2226 987 γαῖαν,

45 1003 246 1074 dxv-w
267 1032 348 1074 335
376 1006 540 1088 αἶψά
584 1006 662 1074 κέ
702 1031 804 1074 τοι
850 1009 928 1074 τὰ
972 1010 1299 1102 θύρετρα,
1344 1006 1453 1073 καὶ
1499 1007 1694 1093 εὐρέα
1738 1029 1861 1093 περ
1907 1006 2059 1092 μάλ’
2100 1007 2321 1089 ἐόντα,

374 1115 693 1198 φεύγοντι
739 1117 1060 1178 στείνοιτο
1109 1109 1198 1177 δι’
1243 1111 1317 1177 ἐκ
1361 1113 1735 1202 προθύροιο
1779 1113 2090 1198 θύραζε.“

463 1218 552 1295 ὣς
597 1216 809 1303 ἔφατ’,
853 1217 1251 1303 Εὐρύμαχος
1298 1214 1374 1282 δὲ
1419 1219 1757 1303 χολώσατο
1802 1221 2045 1304 κηρόθι
2090 1222 2342 1302 μᾶλλον

373 1326 491 1389 καί
527 1348 645 1407 μιν
688 1324 950 1409 ὑπόδρα
999 1325 1164 1388 ἰδὼν
1212 1325 1369 1388 ἔπεα
1412 1326 1773 1410 πτερόεντα
1816 1323 2187 1410 προσηύδα·

464 1423 549 1513 ,,ἆ
595 1428 788 1513 δείλ’,
831 1424 873 1512 ἦ
920 1429 1081 1514 τάχα
1118 1451 1229 1501 ,τοι
1274 1427 1473 1495 τελέω
1520 1433 1758 1514 κακόν,
1802 1421 1890 1494 οἷ’
1931 1428 2269 1514 ἀγορεύεις

270 1557 352 1597 390
376 1533 785 1620 θαρσαλέως·
808 1539 1113 1600 πολλοῖσι
1160 1532 1298 1618 μετ’
1344 1534 1702 1620 ἀνδράσιν,
1748 1532 1911 1600 οὐδέ
1949 1557 2015 1600 τι
2055 1541 2253 1622 θυμῷ

376 1642 651 1725 ταρβεῖς.
742 1635 784 1723 ἦ
833 1640 918 1724 ρά
965 1656 1037 1704 σε
1084 1625 1270 1716 οἶνος
1315 1642 1448 1724 ἔχει
1492 1637 1772 1725 φρένας,
1815 1640 1858 1722 ἤ
1903 1640 1989 1703 νύ
2033 1662 2136 1703 τοι
2181 1636 2308 1702 αἰεὶ

271 1767 350 1807 399
377 1753 676 1821 τοιοῦτος
719 1747 875 1835 νόος
954 1747 1130 1827 στίν,
1178 1742 1214 1807 ὃ
1260 1741 1372 1807 καὶ
1419 1745 1792 1827 μεταμώνια
1837 1743 2113 1828 βάζεις.“

52 1794 225 1918 ,ἔμ’
272 1872 353 1911 394
468 1847 556 1924 ὣς
599 1849 728 1933 ἄρα
770 1873 822 1932 φ
920 1850 1086 1930 ήσας
1132 1846 1376 1937 σφέλας
1422 1850 1723 1931 ἔλλαβεν·
1770 1847 1976 1933 αὐτὰρ
2017 1845 2367 1923 Ὀδυσσεὺς

273 1974 352 2015 395
371 1951 781 2037 Ἀμφινόμου
826 1953 991 2036 πρὸς
1035 1961 1248 2034 γοῦνα
1293 1948 1604 2029 καθέζετο
1651 1956 2051 2036 Δουλιχιῆος

79 2137 99 2156 v
379 2057 780 2142 Εὐρύμαχον
827 2057 1064 2132 δείσας.
1159 2056 1196 2121 ὁ
1243 2039 1302 2120 δ’
1350 2053 1454 2141 ἄρ’
1502 2059 1809 2140 οἰνοχόον
1854 2056 2013 2140 βάλε
2060 2068 2243 2142 χεῖρα

92 2169 213 2280 1⁸05
380 2160 743 2247 δεξιτερήν·
789 2164 1071 2246 πρόχοος
1118 2157 1192 2225 δὲ
1238 2159 1438 2245 χαμαὶ
1483 2164 1775 2245 βόμβησε
1819 2171 2141 2245 πεσοῦσα,

381 2267 586 2353 αὐτὰρ
633 2267 671 2333 ὅ
715 2263 776 2350 γ’
823 2249 1105 2351 οἷμώξας
1148 2265 1348 2331 πέσεν
1391 2266 1622 2344 ὕπτιος
1668 2265 1739 2331 ε’ν
1784 2270 2062 2352 κονίῃσι.

381 2380 746 2458 μνηστῆρες
791 2367 852 2436 δ’
898 2371 1242 2456 ὁμάδησαν
1288 2369 1418 2436 ἀνὰ
1464 2370 1713 2457 μέγαρα
1760 2374 2091 2455 σκιόεντα,

274 2501 356 2542 400
383 2474 510 2545 ὧδε
559 2476 639 2543 δέ
677 2500 777 2554 τις
821 2483 1117 2543 εἴπεσκεν
1165 2477 1332 2541 ἰδὼν
1378 2475 1445 2552 ἐς
1488 2479 1770 2560 πλησίον
1814 2478 2046 2542 ἄλλον·

472 2580 655 2668 »αἴθ’
693 2582 941 2667 ,ὤφελλ’
993 2582 1030 2647 ὁ
1077 2580 1290 2659 ξεῖνος
1337 2580 1672 2665 ἀλώμενος
1715 2579 1949 2646 ἄλλοθ’
1998 2579 2273 2646 ὀλέσθαι
2381 2565 2405 2610 s

382 2687 540 2770 πρὶν
587 2686 838 2768 ἐλθεῖν·
884 2696 974 2751 τῶ
1019 2683 1079 2750 κ’
1132 2686 1214 2750 οὔ
1259 2707 1323 2749 τι
1368 2687 1568 2750 τόσον
1613 2684 1894 2776 κέλαδον
1941 2685 2273 2769 μετέθηκε.

383 2802 511 2857 νῦν
560 2787 635 2855 δὲ
682 2790 833 2872 περὶ
876 2800 1150 2875 πτωχῶν
1198 2788 1649 2874 ἐριδαίνομεν,
1695 2788 1860 2856 οὐδέ
1900 2814 1962 2856 τι
2009 2792 2227 2868 δαιτὸς

385 2896 630 2980 ἐσθλῆς
674 2898 929 2962 ἔσσεται
973 2890 1165 2978 ἦδος,
1216 2891 1356 2982 ἐπεὶ
1400 2895 1481 2959 τὰ
1526 2899 1828 2980 χερείονα
1870 2897 2087 2982 νικᾷ.“

277 3024 358 3065 405
472 3013 644 3068 τοῖσι
692 2998 765 3067 δὲ
808 2998 919 3066 καὶ
965 2996 1248 3085 μετέειφ’
1298 3000 1439 3085 ἱερὴ
1484 3001 1545 3077 ἲς
1601 3000 2030 3085 Τηλεμάχοιο·

474 3108 884 3191 ,,δαιμόνιοι,
930 3108 1248 3196 μαίνεσθε
1293 3102 1405 3170 καὶ
1452 3103 1672 3170 οὐκέτι
1716 3105 1986 3170 κεύθετε
2031 3110 2228 3190 θυμῷ

383 3213 650 3296 βρωτὺν
697 3207 857 3276 οὐδὲ
898 3219 1173 3302 ποτῆτα·
1219 3212 1403 3275 θεῶν
1448 3210 1536 3274 νύ
1579 3233 1679 3285 τις
1720 3205 1882 3292 ὔμμ’
1921 3208 2259 3292 Ιὀροθύνει.

387 3313 527 3379 ἀλλ’
574 3310 650 3380 εὖ
698 3317 1089 3400 δαισάμενοι
1134 3318 1499 3380 κατακείετε
1546 3310 1755 3380 οἴκαδ’
1803 3314 2043 3394 ἰόντες,

389 3420 633 3485 ὁππότε
677 3423 896 3504 θυμὸς
939 3423 1179 3503 ἄνωγε·
1228 3421 1445 3484 διώκω
1492 3415 1553 3483 δ’
1600 3418 1680 3482 οὔ
1725 3412 1846 3481 τιν’
1893 3418 2159 3500 ἔγωγε.“

279 3547 362 3586 410
480 3522 567 3600 ὣς
613 3520 840 3607 ἔφαθ’,
886 3525 957 3588 οἱ
999 3522 1060 3588 δ’
1098 3526 1226 3609 ἄρα
1270 3524 1508 3600 πάντες
1552 3519 1711 3598 ὀδὰξ
1757 3518 1831 3585 ἐν
1876 3525 2116 3606 χείλεσι
2161 3525 2403 3610 φύντες
