2650 3909
412 230 494 293 16
798 231 826 295 ξ
868 233 979 299 (14)
1012 228 1317 293 Ὀδυσσέως
1353 231 1492 300 πρὸς
1530 231 1785 301 Εὔμαιον
1824 231 2024 301 ὁμιλία.

408 389 707 455 ἀντίθεοι
753 399 1148 475 μνηστῆρες,
1194 389 1335 456 ἐπεὶ
1380 394 1693 476 προΐαλλε
1743 394 2039 477 συβώτης

409 492 538 559 αἰεὶ
583 495 950 580 ζατρεφέων
997 497 1245 560 σιάλων
1290 497 1408 561 τὸν
1454 497 1726 580 ἄριστον
1773 496 2106 563 ἁπάντων·

329 623 381 660 20
410 600 480 664 οἰ
519 596 594 664 δὲ
638 603 1007 684 τριηκόσιοί
1043 623 1112 664 τε
1159 598 1269 664 καὶ
1315 599 1629 683 ἑξήκοντα
1673 600 1971 667 πέλοντο.

406 706 536 790 πὰρ
584 701 658 769 δὲ
702 708 897 782 κύνες
939 708 1264 787 θήρεσσιν
1310 703 1593 781 ἐοικότες
1638 701 1783 770 αἰὲν
1830 712 2023 772 ἴαυον

405 809 743 894 τέσσαρες,
790 811 906 885 οὓς
950 812 1191 891 ἔθρεψε
1239 810 1569 893 συβώτης,
1616 811 1900 894 ὄρχαμος
1943 810 2237 895 ἀνδρῶν·

406 915 601 991 αὐτὸς
647 913 706 979 δ’
752 912 922 997 ἀμφὶ
965 914 1284 977 πόδεσσιν
1332 911 1465 989 ἑοῖς
1508 913 1819 998 ἀράρισκε
1864 914 2129 997 πέδιλα,

405 1019 672 1102 τάμνων
718 1016 924 1103 δέρμα
970 1019 1193 1101 βόειον
1241 1017 1532 1103 ἐυχροές·
1582 1019 1653 1083 οἰ
1694 1014 1768 1082 δὲ
1814 1021 1898 1102 δὴ
1945 1020 2134 1084 ἄλλοι

326 1145 378 1186 25
407 1116 638 1210 ᾤχοντ’
681 1122 955 1197 ἄλλυδις
999 1122 1198 1197 ἄλλος
1243 1120 1354 1204 ἅμ’
1398 1119 1821 1211 ἀγρομένοισι
1868 1123 2138 1188 σύεσσιν
2151 1129 2260 1206 ‚00⁴
2277 1098 2516 1207 ἷκε-[ὠά
2527 1132 2616 1190 &-

407 1228 477 1293 οἰ
514 1238 714 1310 τρεῖς·
760 1229 878 1292 τὸν
925 1222 999 1291 δὲ
1043 1225 1353 1312 τέταρτον
1398 1224 1808 1310 ἀποπροέηκε
1852 1230 2049 1292 πόλιν
2094 1224 2169 1292 δὲ
2309 1181 2587 1290 Μὸῆ

407 1343 533 1398 σῦν
580 1331 823 1415 ἀγέμεν
869 1340 1277 1417 μνηστῆρσιν
1321 1332 1835 1417 ὑπερφιάλοισιν
1879 1331 2160 1420 ἀνάγκη,

406 1434 557 1523 ὄφρ’
605 1439 1015 1524 ἱερεύσαντες
1058 1448 1297 1523 κρειῶν
1343 1442 1727 1523 κορεσαίατο
1771 1441 2015 1521 θυμόν.
2326 1501 2334 1510 ,

494 1543 799 1627 ἐξαπίνης
845 1541 907 1609 δ’
954 1539 1234 1626 Ὀδυσῆα
1283 1545 1432 1608 ἴδον
1477 1544 1672 1619 κύνες
1714 1543 2150 1632 ὑλακόμωροι.
2183 1519 2429 1652 (raas-*5

325 1672 379 1711 30
406 1649 476 1713 οἰ
515 1645 637 1732 μὲν
681 1651 1112 1731 κεκλήγοντες
1158 1646 1553 1731 ἐπέδραμον·
1606 1647 1812 1727 αὐτὰρ
1854 1645 2205 1725 Ὀδυσσεὺς

405 1752 576 1831 ἕζετο
622 1753 1025 1837 κερδοσύνῃ,
1072 1760 1405 1834 σκῆπτρον
1454 1748 1533 1813 δέ
1572 1751 1642 1815 oc
1681 1752 1908 1814 ἔκπεσε
1955 1755 2188 1834 χειρός.

18 1827 573 1941 ἷκηηιζῖᾷᾱένθά
618 1880 731 1921 κεν
778 1850 830 1942 ᾧ
877 1856 1009 1938 πὰρ
1057 1861 1329 1942 affin&
1378 1852 1703 1919 ἀεικέλιον
1748 1854 1967 1919 πάθεν
2013 1857 2235 1939 ἄλγος·

404 1960 570 2026 ἀλλὰ
617 1962 914 2044 συβώτης
960 1954 1096 2023 ὦκα
1141 1957 1298 2024 ποσὶ
1345 1970 1722 2041 κραιπνοῖσι
1768 1960 2115 2042 μετασπὼν

405 2063 620 2131 ἔσσυτ’
667 2065 793 2131 ἀνὰ
838 2067 1220 2150 πρόθυρον,
1267 2068 1505 2146 σκυᾌῑος
1549 2061 1628 2127 δέ
1669 2064 1741 2129 οί
1782 2067 2009 2129 ἔκπεσε
2055 2070 2287 2152 χειρός,
2366 2068 2534 2132 NCM

100 2147 239 2238 <ssa
324 2194 377 2234 ⁸5
403 2174 559 2247 τοὺς
601 2167 724 2254 μὲν
769 2171 1140 2266 ὁμοκλήσας
1187 2179 1385 2235 σεῦεν
1429 2170 1635 2246 κύνας
1677 2171 1951 2246 ἄλλυδις
1996 2172 2202 2237 ἄλλον

402 2286 728 2362 πυκνῇσιν
775 2275 1194 2340 λιθάδεσσιν·
1242 2275 1279 2341 ὁ
1328 2271 1402 2339 δὲ
1447 2281 1837 2360 προσέειπεν
1881 2277 2156 2341 ἄνακτα·

495 2377 589 2466 „ab
635 2381 866 2468 γέρον,
910 2377 951 2465 ἦ
1000 2381 1231 2465 ὀλίγου
1280 2397 1353 2446 σε
1398 2383 1591 2457 κύνες
1637 2382 2114 2466 διεδηλήσαντο

405 2488 730 2572 ἐξαπίνης,
773 2491 891 2552 καί
928 2486 1044 2552 κέν
1088 2511 1201 2571 μοι
1250 2487 1584 2570 ἐλεγχείην
1628 2486 1988 2571 κατέχευας.

403 2592 512 2658 καὶ
559 2592 640 2657 δέ
680 2616 792 2676 μοι
837 2594 1006 2657 ἄλλα
1049 2590 1202 2656 θεοὶ
1249 2592 1460 2655 δόσαν
1506 2591 1708 2672 ἄλγεά
1751 2614 1820 2655 τε
1867 2592 2185 2675 στοναχάς
2229 2614 2323 2657 τε·

323 2721 378 2759 40
403 2694 719 2760 ἀντιθέου
764 2697 890 2778 γὰρ
937 2695 1215 2768 ἄνακτος
1260 2693 1666 2775 ὀδυρόμενος
1708 2692 1818 2758 καὶ
1864 2694 2122 2778 ἀχεύων

402 2796 594 2884 ἧμαι,
639 2801 940 2864 ἄλλοισιν
986 2794 1060 2863 δὲ
1108 2800 1269 2874 σύας
1315 2798 1586 2890 σιάλους
1630 2797 1951 2864 ἀτιτάλλω
2079 2787 2160 2914 [οἵ

404 2907 696 2989 ἔδμεναι·
745 2903 951 2989 αὐτὰρ
996 2915 1213 2980 κεῖνος
1257 2902 1644 2987 ἐελδόμενός
1687 2924 1818 2969 που
1865 2904 2115 2989 ἐδωδῆς

403 3008 656 3090 πλάζετ’
699 3006 797 3075 ἐπ’
844 3009 1238 3095 ἀλλοθρόων
1283 3009 1552 3094 ἀνδρῶν
1598 3010 1811 3093 δῆμόν
1853 3033 1923 3076 τε
1967 3014 2165 3076 πόλιν
2209 3034 2310 3094 τε,

403 3123 472 3181 εἴ
506 3138 637 3182 που
683 3117 776 3180 ἔτι
825 3116 966 3193 ζώει
1011 3113 1120 3179 καὶ
1166 3115 1291 3202 ὁρᾷ
1336 3116 1505 3200 φάος
1547 3116 1815 3199 ἠελίοιο.

323 3244 378 3284 45
405 3216 547 3286 ἀλλ’
600 3221 784 3306 ἕπεο,
829 3223 1092 3303 κλισίην
1138 3217 1197 3284 δ’
1256 3226 1474 3305 ἴομεν,
1529 3221 1761 3306 γέρον,
1810 3223 1985 3304 ὄφρα
2027 3217 2138 3284 καὶ
2183 3217 2411 3306 αὐτός,

405 3332 590 3392 σίτου
636 3325 745 3391 καὶ
790 3332 1001 3392 οἴνοιο
1049 3327 1528 3411 κορεσσάμενος
1572 3328 1734 3390 κατὰ
1777 3328 2032 3408 θυμόν,

403 3438 588 3517 εἴπῃς
631 3430 930 3497 ὁππόθεν
976 3430 1120 3497 ἐσσὶ
1164 3430 1274 3497 καὶ
1319 3431 1577 3497 ὁππόσα
1621 3429 1802 3514 κήδε’
1848 3428 2182 3513 ἀνέτλης.“

493 3537 580 3613 ὣς
624 3537 829 3600 εἰπὼν
875 3540 1137 3620 κλισίην
1183 3533 1244 3600 δ’
1288 3536 1575 3619 ἡγήσατο
1623 3538 1766 3614 δῖος
1808 3537 2135 3623 ὑφορβός,
