2650 3909
750 258 782 292 ν
814 240 927 308 (13)
960 236 1262 301 Ὀδυσσέως
1298 238 1490 307 ἄφιξις
1526 238 1606 300 εἰς
1636 237 1888 308 Ἰθάκην.
2286 238 2323 299 7

314 395 631 480 ἡμέτερον
675 401 868 482 προτὶ
915 400 1105 463 ἄστυ·
1152 399 1576 464 Ποσειδάωνι
1624 395 1698 462 δὲ
1742 401 2026 483 ταύρους

317 502 572 565 δώδεκα
616 502 1041 587 κεκριμένους
1088 504 1501 588 ἱερεύσομεν,
1546 510 1624 568 αἴ
1657 502 1715 568 κ’
1765 504 1997 590 ἐλεήσῃ

316 604 468 689 μηδ’
513 607 671 688 ἥμιν
715 611 1063 693 περίμηκες
1110 611 1269 693 ὄρος
1308 611 1497 673 πόλει
1543 608 2039 694 ἀμφικαλύψῃ.“

405 710 492 786 ὣς
529 710 758 796 ἔφαθ’,
805 714 874 778 οἱ
916 711 974 777 δ’
1023 714 1351 795 ἔδδεισαν,
1398 711 1868 796 ἑτοιμάσσαντο
1909 710 1983 778 δὲ
2023 714 2321 798 ταύρους.

209 838 289 878 185
318 815 404 890 ὣς
450 816 521 880 οἰ
560 815 681 899 μέν
727 815 788 901 ῤ’
834 818 1108 902 εὔχοντο
1155 818 1570 883 Ποσειδάωνι
1616 820 1848 882 ἄνακτι

316 920 530 1003 δήμου
580 923 893 1004 Φαιήκων
939 923 1254 1008 ἡγήτορες
1297 919 1417 1006 ἠδὲ
1461 921 1802 1007 μέδοντες,

316 1022 619 1102 ἑστεῶτες
660 1026 809 1113 περὶ
855 1031 1096 1112 βωμόν.
1191 1028 1226 1093 ὁ
1275 1025 1337 1092 δ’
1383 1031 1606 1113 ἔγρετο
1654 1031 1796 1105 δῖος
1824 1027 2179 1103 Ὀδυσσεὺς

314 1130 532 1195 εὕδων
577 1130 650 1196 έν
695 1136 848 1218 γαίῃ
893 1137 1221 1220 πατρωίῃ,
1268 1131 1433 1198 οὐδέ
1473 1157 1587 1216 μιν
1635 1136 1804 1216 ἔγνω

313 1237 439 1319 ἤδη
488 1237 616 1318 δὴν
661 1235 906 1302 ἀπεών·
951 1236 1102 1323 περὶ
1146 1238 1272 1320 γὰρ
1317 1240 1477 1313 θεὸς
1520 1235 1681 1321 ἠέρα
1726 1248 1877 1322 χεῦε

209 1363 288 1402 190
315 1340 597 1416 Παλλὰς
627 1339 977 1425 Ἀθηναίη,
1021 1344 1228 1426 κούρη
1274 1344 1472 1425 Διός,
1518 1343 1693 1425 ὄφρά
1739 1366 1853 1424 μιν
1898 1342 2101 1407 αὐτὸν

315 1447 654 1528 ἄγνωστον
701 1445 989 1522 τεύξειεν
1036 1445 1273 1510 ἕκαστά
1318 1469 1386 1510 τε
1433 1430 1842 1529 μυθήσαιτο,

315 1554 402 1633 μή
450 1575 566 1633 μιν
611 1549 770 1635 πρὶν
816 1552 1053 1634 ἄλοχος
1100 1555 1289 1633 γνοίη
1337 1550 1532 1614 ἀστοί
1569 1573 1637 1615 τε
1683 1553 1868 1633 φίλοι
1913 1572 2010 1633 τε,

313 1653 472 1738 πρὶν
516 1664 734 1720 πᾶσαν
781 1663 1155 1739 μνηστῆρας
1198 1654 1605 1739 ὑπερβασίην
1651 1654 1972 1719 ἀποτῖσαι.

315 1757 574 1824 τοῦνεκ’
617 1757 720 1845 ἄρ’
767 1758 1119 1842 &HQ-Q
1156 1759 1543 1843 φαινέσκετο
1588 1760 1802 1824 πάντα
1848 1761 2110 1841 ἄνακτι,

212 1887 288 1927 195
316 1864 663 1948 ἀτραπιτοί
700 1888 769 1930 τε
817 1864 1143 1946 διηνεκέες
1188 1863 1445 1948 λιμένες
1489 1888 1556 1929 τε
1602 1865 1930 1949 πάνορμοι

314 1968 547 2055 πέτραί
585 1966 641 2032 τ’
687 1970 986 2054 ἠλίβατοι
1032 1969 1141 2034 καὶ
1188 1969 1467 2054 δένδρεα
1514 1972 1950 2052 τηλεθόωντα.

316 2084 432 2157 στῆ
479 2071 538 2137 δ’
584 2073 688 2159 ἄρ’
734 2074 1002 2152 ἀναΐξας
1044 2079 1162 2140 καί
1202 2071 1263 2159 ῤ’
1309 2076 1514 2140 εἴσιδε
1559 2076 1843 2158 πατρίδα
1888 2085 2110 2156 γαῖαν·

317 2178 581 2265 ᾤμωξέν
626 2174 683 2243 τ’
724 2178 826 2265 ἄρ’
875 2183 1094 2244 ἔπειτα
1140 2178 1249 2244 καὶ
1295 2179 1349 2244 ὣ
1395 2181 1758 2262 πεπλήγετο
1804 2182 1989 2264 μηρὼ

314 2286 498 2370 χερσὶ
542 2283 1049 2370 καταπρηνέσσ’,
1094 2285 1588 2369 ὀλοφυρόμενος
1634 2282 1692 2348 δ’
1741 2287 1893 2360 ἔπος
1936 2287 2137 2367 ηὔδα·

208 2413 288 2452 200
405 2392 615 2473 ,,ὥμοι
662 2388 821 2473 ἐγώ,
865 2389 1033 2454 τέων
1079 2385 1233 2454 αὖτε
1279 2393 1537 2474 βροτῶν
1585 2389 1651 2463 ἐς
1695 2400 1891 2471 γαῖαν
1940 2390 2172 2468 ίκάνω;

311 2489 353 2577 ἦ
403 2493 460 2580 ῤ’
509 2493 680 2578 οἵ’γ’
722 2495 1035 2579 ὑβρισταί
1072 2517 1140 2559 τε
1186 2496 1294 2558 καὶ
1341 2495 1559 2578 ἄγριοι
1608 2489 1766 2558 οὐδὲ
1812 2494 2088 2577 δίκαιοι,

311 2594 386 2682 ἦε
433 2599 798 2683 φιλόξεινοι
842 2604 959 2664 καί
1000 2616 1162 2683 σφιν
1206 2602 1364 2676 νόος
1410 2595 1547 2663 ἐστὶ
1590 2599 1912 2679 θεουδής;

313 2714 401 2788 πῇ
450 2706 532 2787 δὴ
579 2709 874 2807 ww
919 2707 1130 2770 πολλὰ
1177 2703 1360 2789 φέρω
1406 2705 1590 2783 τάδε;
1637 2712 1724 2788 πῇ
1773 2699 1848 2768 δὲ
1892 2702 2002 2768 καὶ
2048 2705 2243 2782 αὐτὸς

313 2810 659 2893 πλάζομαι;
708 2804 1137 2907 αὔθ’ῗῷεὲῃῃ
1182 2821 1402 2893 μεῖναι
1446 2810 1622 2895 παρὰ
1671 2810 2075 2890 Φαιήκεσσιν

208 2936 289 2978 205
316 2915 546 2979 αὐτοῦ·
594 2914 721 2997 ἐγὼ
770 2913 848 2979 δέ
887 2938 1003 2980 κεν
1047 2917 1252 2979 ἄλλον
1295 2912 1718 2999 ὑπερμενέων
1764 2915 2102 2996 βασιλήων

315 3017 658 3102 ἐξικόμην,
703 3019 776 3095 ὅς
819 3018 934 3084 κέν
978 3042 1055 3102 με
1103 3023 1281 3102 φίλει
1326 3018 1435 3084 καὶ
1483 3022 1719 3101 ἔπεμπε
1766 3018 2057 3084 νέεσθαι.

313 3133 442 3188 νῦν
488 3120 548 3188 δ’
590 3120 728 3188 οὔτ’
774 3125 856 3209 ἄρ
902 3145 992 3208 πῃ
1037 3121 1285 3187 θέσθαι
1335 3124 1698 3206 ἐπίσταμαι,
1747 3118 1906 3186 οὐδὲ
1951 3124 2071 3205 μὲν
2117 3124 2321 3190 αὐτοῦ

311 3233 674 3313 καλλείψω,
720 3231 809 3312 μή
854 3249 991 3303 πως
1036 3250 1148 3310 μοι
1193 3226 1362 3312 ἕλωρ
1411 3229 1672 3292 ἄλλοισι
1715 3225 2003 3310 γένηται.

314 3335 365 3399 ὦ
410 3340 643 3417 πόποι,
689 3334 810 3399 οὐκ
855 3335 982 3419 ἄρα
1027 3332 1241 3396 πάντα
1286 3334 1609 3415 νοήμονες
1654 3328 1812 3396 οὐδὲ
1860 3334 2104 3399 δίκαιοι

207 3461 286 3500 210
312 3436 483 3522 ἦσαν
532 3441 846 3522 Φαιήκων
892 3439 1208 3523 ἡγήτορες
1252 3433 1373 3520 ἠδὲ
1419 3436 1755 3520 μέδοντες,

313 3546 382 3610 οἳ
424 3541 489 3627 μ’
535 3546 628 3621 εἰς
673 3545 882 3627 ἄλλην
927 3554 1124 3627 γαῖαν
1171 3543 1528 3627 ἀπήγαγον.
1619 3538 1660 3626 ἧ
1708 3542 1784 3608 τέ
1822 3541 1889 3627 μ’
1933 3546 2173 3627 ἔφαντο
