2650 3909
647 256 681 288 ν
720 236 831 303 (13)
862 232 1166 296 Ὀδυσσέως
1202 234 1395 304 ἄφιξις
1432 233 1512 297 εἰς
1544 233 1797 303 Ἰθάκην.
2149 236 2232 298 13

222 396 429 459 ἄσσον
474 391 666 459 πάντ’
713 374 970 497 ῴόρει,
1014 396 1264 480 χρυσὸν
1308 393 1419 459 καὶ
1464 393 1723 480 ἀτειρέα
1767 396 2012 478 χαλκὸν

131 515 134 518 ’
223 499 451 583 εἵματά
494 498 549 564 τ’
596 500 940 584 εὐποίητα,
984 501 1064 564 τά
1110 501 1180 564 οἱ
1223 504 1509 583 Φαίηκες
1554 503 1825 565 ἔδωκαν.

116 626 196 667 8⁶10
220 602 329 668 καὶ
373 606 453 669 τὰ
499 601 621 688 μὲν
665 601 742 670 εὗ
788 605 1110 688 κατέθηκε
1126 654 1144 688 ,
1188 610 1388 671 λίθον
1435 604 1494 672 δ’
1542 604 1820 689 ἐπέθηκε
1865 607 2115 690 θύρῃσι

222 710 492 785 Παλλὰς
529 706 882 794 Ἀθηναίη,
926 712 1134 794 κούρη
1182 712 1348 786 Διὸς
1395 712 1735 795 αἰγιόχοιο.

308 815 398 878 τὼ
446 810 519 879 δὲ
564 815 980 899 καθεζομένω
1030 817 1204 901 ἱερῆς
1248 816 1426 900 παρὰ
1469 813 1756 899 πυθμέν’
1803 813 2025 897 ἐλαίης

220 917 602 1004 φραζέσθην
649 929 1055 1004 μνηστῆρσιν
1099 921 1610 1005 ὑπερφιάλοισιν
1657 923 1962 1004 ὄλεθρον.

221 1035 390 1089 τοῖσι
439 1021 513 1089 δὲ
558 1025 797 1108 μύθων
842 1019 1001 1110 ἦρχε
1047 1025 1174 1089 θεὰ
1221 1030 1597 1107 γλαυκῶπις
1635 1024 1911 1108 Ἀθήνη·

117 1151 196 1191 3⁷5
314 1125 675 1212 »Διογενὲς
719 1129 1126 1214 Λαερτιάδη,
1171 1128 1580 1214 πολυμήχαν’
1626 1127 1974 1213 Ὀδυσσεῦ,

220 1236 463 1320 φράζευ
510 1235 686 1310 ὅπως
731 1243 1138 1319 μνηστῆρσιν
1184 1233 1487 1300 ἀναιδέσι
1531 1246 1751 1320 χεῖρας
1796 1234 2089 1318 ἐφήσεις,

222 1343 292 1405 οἳ
331 1341 414 1422 δή
459 1363 563 1404 τοι
607 1343 852 1424 τρίετες
896 1338 1184 1424 μέγαρον
1228 1341 1393 1404 κάτα
1436 1340 1887 1425 κοιρανέουσι,

220 1445 553 1528 μνώμενοι
598 1443 918 1527 ἀντιθέην
962 1445 1207 1528 ἄλοχον
1253 1443 1364 1508 καὶ
1409 1444 1568 1509 ἕδνα
1615 1447 1934 1520 διδόντες·

220 1549 260 1632 ἡ
308 1546 381 1614 δὲ
427 1552 548 1615 σὸν
592 1548 722 1614 αἰεὶ
767 1552 1009 1614 νόστον
1056 1546 1427 1633 ὀδυρομένη
1474 1552 1635 1615 κατὰ
1680 1551 1904 1633 θυμὸν

115 1676 194 1716 380
221 1654 467 1730 πάντας
512 1652 634 1737 μέν
680 1651 740 1736 ῥ’
788 1657 966 1719 ἔλπει
1012 1654 1122 1719 καὶ
1168 1653 1503 1740 ὑπίσχεται
1554 1653 1750 1739 ἀνδρὶ
1797 1652 2076 1741 ἑκάστῳ,

220 1759 525 1842 ἀγγελίας
567 1770 901 1844 προϊεῖσα,
945 1762 1101 1835 νόος
1146 1758 1226 1824 δέ
1266 1761 1339 1825 οἰ
1378 1761 1545 1825 ἄλλα
1590 1761 1925 1846 μενοινᾷ.“

306 1866 427 1948 τὴν
466 1861 528 1928 δ’
564 1862 1087 1947 ἀπαμειβόμενος
1121 1864 1420 1949 προσέφη
1458 1867 1820 1950 πολύμητις
1848 1862 2226 1941 Ὀδυσσεύς·

311 1970 405 2053 „ab
450 1971 683 2053 πόποι,
727 1964 768 2051 ἧ
816 1970 989 2052 μάλα
1037 1970 1118 2054 δὴ
1158 1967 1644 2054 Ἀγαμέμνονος
1681 1968 2017 2055 Ἀτρείδαο

221 2079 590 2158 φθίσεσθαι
636 2077 838 2140 κακὸν
884 2070 1067 2140 οἶτον
1115 2073 1215 2140 ἐνὶ
1262 2076 1649 2161 μεγάροισιν
1693 2078 1999 2159 ἔμελλον,

112 2202 191 2243 386
219 2183 283 2245 εἰ
324 2182 412 2263 μή
459 2203 572 2263 μοι
618 2182 700 2244 σὺ
748 2179 1014 2262 ἕκαστα,
1058 2180 1218 2262 θεά,
1263 2181 1425 2244 κατὰ
1472 2191 1710 2264 μοῖραν
1756 2182 1978 2256 ἔειπες.

218 2280 364 2351 ἀλλ’
407 2286 524 2367 ἄγε
569 2293 762 2368 μῆτιν
806 2284 1100 2368 ὕφηνον,
1146 2284 1322 2359 ὅπως
1367 2283 1758 2367 ἀποτίσομαι
1803 2284 2066 2362 αὐτούς·

217 2391 350 2475 πὰρ
397 2388 479 2454 δέ
517 2413 629 2473 μοι
674 2388 839 2471 αὐτὴ
888 2394 1118 2471 στῆθι,
1163 2386 1361 2471 μένος
1403 2385 1822 2471 πολυθαρσὲς
1867 2389 2118 2472 ἐνεῖσα,

220 2487 366 2561 οἷον
414 2494 520 2559 ὅτε
575 2497 813 2578 Τροίης
858 2494 1103 2576 λύομεν
1150 2492 1392 2577 λιπαρὰ
1435 2495 1788 2579 κρήδεμνα.

219 2607 299 2665 αἴ
333 2600 411 2666 κέ
451 2623 564 2684 μοι
610 2600 698 2676 ὣς
742 2612 1029 2683 μεμαυῖα
1072 2603 1506 2684 παρασταίης,
1551 2605 1919 2683 γλαυκῶπι,

111 2727 192 2766 890
217 2709 335 2770 καί
372 2728 446 2770 κε
490 2710 965 2791 τριηκοσίοισιν
1010 2704 1181 2788 ἐγὼν
1225 2706 1540 2790 ἄνδρεσσι
1585 2709 1913 2791 μαχοίμην

221 2813 348 2876 σὺν
395 2813 531 2894 σοί,
574 2813 783 2876 πότνα
826 2811 985 2893 θεά,
1030 2809 1139 2874 ὅτε
1186 2833 1298 2893 μοι
1343 2806 1713 2894 πρόφρασσ’
1761 2810 2171 2897 έπαρήγοις.“

305 2917 425 2981 τὸν
471 2913 532 2980 δ’
575 2911 857 2999 ἠμείβετ’
905 2917 1123 2979 ἔπειτα
1165 2915 1296 2979 θεὰ
1340 2919 1713 2997 γλαυκῶπις
1749 2911 2027 2998 Ἀθήνη·

310 3019 463 3105 ,,καὶ
509 3022 660 3104 λίην
704 3044 807 3085 τοι
854 3022 1056 3102 ἔγωγε
1100 3017 1542 3103 παρέσσομαι,
1589 3018 1752 3084 οὐδέ
1792 3043 1870 3103 με
1917 3021 2164 3101 λήσεις,

218 3126 460 3191 ὁππότε
506 3149 620 3190 κεν
668 3125 750 3209 δὴ
796 3133 998 3189 ταῦτα
1042 3125 1422 3229 πεν-αὲμεθα·
1468 3128 1585 3189 καί
1623 3121 1747 3189 τιν’
1794 3125 1912 3189 ὀίω
2037 3114 2184 3187 ’Μ

108 3251 190 3292 395
217 3232 448 3314 αἵματί
486 3227 543 3294 τ’
586 3229 925 3317 ἐγκεφάλῳ
971 3250 1040 3291 τε
1084 3226 1450 3311 παλαξέμεν
1496 3230 1778 3293 ἄσπετον
1825 3224 2028 3306 οὖδας

217 3334 486 3421 ἀνδρῶν
532 3338 957 3420 μνηστήρων,
1003 3333 1074 3397 οἵ
1112 3355 1214 3396 τοι
1259 3335 1490 3414 βίοτον
1535 3332 1941 3398 κατέδουσιν.

217 3436 360 3505 ἀλλ’
406 3440 523 3522 ἄγε
570 3437 629 3503 σ’
674 3440 1016 3521 ἄγνωστον
1059 3436 1263 3515 τεύξω
1308 3437 1624 3502 πάντεσσι
1668 3441 1991 3523 βροτοῖσι·
2167 3515 2178 3527 .

214 3545 446 3651 κάρψω
493 3541 615 3627 μὲν
658 3547 824 3629 χρόα
866 3546 1072 3609 καλὸν
1118 3541 1218 3609 ἐνὶ
1264 3555 1659 3626 γναμπτοῖσι
1705 3542 1999 3631 μέλεσσι,
2095 3530 2306 3603 wf'ffia
