2650 3909
832 237 875 271 π
911 220 1024 288 (16)
1063 218 1483 287 ἀναγνωρισμὸς
1513 216 1831 280 Ὀδυσσέως.
2258 214 2336 279 51

330 378 417 453 ώς
464 373 539 441 δὲ
583 380 796 463 πατὴρ
843 378 924 443 ὃν
969 380 1175 443 παῖδα
1220 382 1382 463 φίλα
1429 375 1736 463 φρονέων
1782 377 2075 461 ἀγαπάζῃ

330 480 594 547 ἐλθόντ’
642 481 708 560 ἐξ
757 481 951 567 ἀπίης
995 486 1185 567 γαίης
1231 482 1482 570 δεκάτῳ
1529 481 1842 570 ἐνιαυτῷ,

329 597 584 670 μοῦνον
629 589 1019 672 τηλύγετον,
1065 598 1154 676 τῷ
1203 585 1302 670 &avj
1348 590 1551 682 ἄ-λχεα
1596 588 1808 652 πολλὰ
1854 588 2143 671 μογήσῃ,
2207 564 2548 695 ’(ΛἋὟΜἿ

249 714 301 753 20
330 691 418 769 ὣς
461 696 605 758 τότε
663 685 1044 778 Τηλέμαχον
1089 691 1398 757 θεοειδέα
1445 694 1588 768 δῑος
1631 692 1930 778 ὑφορβὸς

328 797 541 863 πάντα
585 799 789 864 κύσεν
832 798 1144 884 περιφύς,
1191 799 1280 878 ὡς
1325 796 1398 880 ἐκ
1442 798 1765 866 θανάτοιο
1811 799 2136 881 φυγόντα·

328 906 445 967 καί
486 901 549 989 ῤ’
580 887 1084 989 ὀλοφυρόμενος
1129 905 1285 967 ἔπεα
1333 906 1689 989 πτερόεντα
1733 902 2107 988 προσηύδα·

420 1005 686 1093 ,,ἧλθες,
742 1008 1097 1094 Τηλέμαχε,
1143 1011 1467 1094 γλυκερὸν
1510 1009 1695 1100 φάος.
1770 1009 1853 1073 οὔ
1899 1003 1959 1071 σ’
2005 1004 2092 1070 ἔτ’
2137 1008 2342 1088 ἔγωγε

330 1117 617 1192 ὄψεσθαι
663 1114 952 1199 ἐφάμην,
999 1112 1138 1186 ἐπεὶ
1186 1111 1354 1201 ᾤχεο
1400 1112 1513 1196 νηὶ
1563 1114 1800 1178 Πύλον
1849 1111 1940 1177 δέ.

252 1239 302 1279 25
331 1216 474 1283 ἀλλ’
518 1220 635 1301 ἄγε
679 1228 808 1283 νῦν
854 1223 1147 1302 εἴσελθε,
1191 1222 1393 1303 φίλον
1440 1216 1654 1301 τέκος,
1701 1218 1875 1303 ὄφρά
1920 1233 1992 1282 σε
2037 1223 2235 1304 θυμῷ

331 1321 652 1408 τέρψομαι
696 1326 1015 1409 εἰσορόων
1061 1322 1218 1388 νέον
1264 1325 1558 1389 ἄλλοθεν
1603 1324 1801 1394 ἔνδον
1848 1322 2056 1387 ἐόντα.

332 1428 414 1493 οὐ
460 1424 580 1511 μὲν
625 1429 752 1511 γάρ
798 1451 861 1507 τι
905 1425 1066 1510 θάμ’
1114 1427 1321 1510 ἀγρὸν
1370 1426 1668 1512 ἐπέρχεαι
1714 1424 1872 1492 οὐδὲ
1916 1435 2197 1510 νομῆας,

4 1527 22 1615 ᾧ
331 1530 475 1598 ἀλλ’
521 1531 957 1618 ἐπιδημεύεις·
1004 1532 1093 1608 ὣς
1142 1532 1270 1617 γάρ
1315 1533 1402 1597 νύ
1449 1555 1551 1598 τοι
1597 1533 1794 1597 εὔαδε
1839 1538 2071 1618 θυμῷ,

333 1637 600 1723 ἀνδρῶν
646 1640 1044 1723 μνηστήρων
1093 1636 1337 1722 ἐσορᾶν
1384 1636 1663 1729 ἀίδηλον
1708 1637 2002 1721 ὅμιλον.“
2033 1633 2410 1714 fluia-m

254 1765 307 1804 30
420 1745 538 1808 τὸν
584 1740 646 1807 δ’
690 1738 775 1808 αὖ
832 1741 1204 1827 Τηλέμαχος
1246 1741 1659 1827 πεπνυμένος
1703 1742 1932 1809 ἀντίον
1977 1743 2179 1825 ηὔδα·
2325 1813 2359 1832 ⁹
2575 1813 2610 1834 „-

423 1849 722 1932 »ἔσσεται
768 1847 1000 1930 οὕτως,
1045 1849 1201 1942 ἄττα
1218 1868 1233 1882 ·
1280 1847 1483 1914 σέθεν
1520 1845 1579 1912 δ’
1626 1845 1798 1912 ἕνεκ’
1838 1844 2069 1912 ἐνθάδ’
2120 1847 2349 1930 ἱκάνω,
2375 1828 2583 1946 &istu

336 1954 510 2038 ὄφρά
554 1952 635 2018 σέ
673 1949 728 2017 τ’
776 1952 1230 2037 ὀφθαλμοῖσιν
1280 1953 1403 2016 ἴδω
1449 1949 1558 2016 καὶ
1605 1958 1829 2035 μῦθον
1874 1950 2176 2034 ἀκούσω,

334 2060 376 2141 ἤ
422 2082 552 2141 μοι-
579 2055 668 2122 ἔτ’
710 2056 784 2121 ἐν
830 2057 1139 2143 μεγάροις
1185 2061 1396 2143 μήτηρ
1444 2054 1658 2141 μένει,
1703 2052 1784 2139 ἦέ
1823 2079 1921 2132 τις
1963 2058 2092 2141 ἤδη

337 2161 602 2246 ἀνδρῶν
648 2163 845 2237 ἄλλος
890 2164 1158 2245 ἔγημεν,
1199 2160 1558 2245 Ὀδυσσῆος
1604 2161 1684 2225 δέ
1723 2182 1855 2226 που
1901 2162 2062 2245 εὐνὴ

5 2304 6 2319 1
56 2235 202 2362 {ng
256 2291 309 2332 35
335 2268 515 2368 χήτει
563 2264 923 2358 ε’νε-υὴναίων
968 2264 1112 2329 κάκ’
1159 2266 1437 2351 ἀράχνια
1481 2276 1691 2330 κεῖται
1737 2267 2038 2349 ἔχουσα.“
2223 2239 2490 2368 Ᾰῆἁὼῖμῖ

423 2373 541 2435 τὸν
589 2367 650 2434 δ’
692 2364 846 2435 αὖτε
892 2369 1236 2455 προσέειπε
1284 2372 1613 2453 συβώτης,
1662 2373 1947 2455 ὄρχαμος
1993 2370 2286 2453 ἀνδρῶν·

428 2474 580 2560 »καὶ
626 2477 776 2559 λίην
821 2477 1007 2559 κείνη
1056 2498 1128 2557 γε
1174 2472 1358 2559 μένει
1402 2476 1695 2557 τετληότι
1739 2480 1936 2561 θυμῷ

4 2595 24 2688 J
337 2593 556 2648 σοῖσιν
603 2578 704 2646 ε’νὶ
747 2580 1163 2665 μεγάροισιν·
1212 2577 1465 2665 ὀιζυραὶ
1513 2577 1593 2643 δέ
1634 2580 1705 2645 οἰ
1746 2577 1876 2643 αιέὶ

336 2690 705 2772 φθίνουσιν
750 2683 980 2762 νύκτές
1024 2708 1092 2750 τε
1137 2684 1248 2750 καὶ
1292 2687 1506 2769 ἤματα
1554 2684 1766 2770 δάκρυ
1814 2685 2120 2771 χεούσῃ.“

256 2816 311 2856 4ο
427 2792 516 2868 ὣς
559 2793 686 2875 ἄρα
730 2794 1043 2877 φωνήσας
1089 2791 1160 2855 οἰ
1202 2789 1465 2868 ἐδέξατο
1514 2791 1795 2876 χάλκεον
1842 2792 2052 2876 ἔγχος·

168 2885 177 2894 ’
338 2897 545 2982 αὐτὰρ
592 2897 628 2962 ὅ
675 2894 736 2980 γ’
781 2903 937 2962 εἴσω
986 2903 1085 2961 ἴεν
1130 2894 1240 2960 καὶ
1285 2893 1540 2981 ὑπέρβη
1590 2896 1823 2962 λάινον
1871 2896 2092 2962 οὐδόν.

338 3011 428 3089 τῷ
479 2996 538 3066 δ’
584 3001 778 3087 ἕδρης
823 3000 1073 3066 ἐπιόντι
1117 3002 1332 3087 πατὴρ
1379 3000 1685 3085 ὑπόειξεν
1727 2998 2102 3078 Ὀδυσσεύς·

348 3104 719 3192 Τηλέμαχος
766 3103 825 3170 δ’
874 3102 1204 3185 ἑτέρωθεν
1251 3104 1481 3190 ἐρήτυε
1528 3105 1839 3190 φώνησέν
1885 3125 1979 3169 τε·

428 3207 627 3296 ,,ἦσο,
674 3208 865 3290 ξεῖν’·
899 3199 1098 3295 ’ἡμεῖς
1145 3206 1219 3274 δὲ
1264 3213 1375 3275 καὶ
1422 3212 1664 3276 ἄλλοθι
1712 3213 1957 3295 δήομεν
2004 3210 2205 3297 ἕδρην

260 3337 314 3379 45
341 3323 615 3404 σταθμῷ
665 3315 737 3380 ἐν
782 3313 1096 3403 ἡμετέρῳ·
1144 3314 1319 3401 πάρα
1369 3312 1429 3379 δ’
1476 3315 1684 3401 ἀνήρ,
1730 3315 1801 3391 ὃς
1844 3320 2265 3400 καταθήσει.“

430 3420 518 3496 ὣς
542 3417 741 3505 φάθ’,
777 3421 813 3486 ὁ
843 3417 906 3485 δ’
943 3415 1127 3496 αὖτις
1156 3422 1278 3486 ἰὼν
1307 3417 1457 3517 κατῖ
1473 3418 1577 3504 ἄρ’
1608 3420 1807 3499 ἕζετο·
1838 3428 1927 3507 τῷ
1957 3418 2034 3486 δὲ
2061 3426 2356 3508 συβώτης

342 3535 533 3609 χεῦεν
578 3524 707 3590 ὕπο
753 3526 1011 3612 χλωρὰς
1056 3525 1282 3613 ῥῶ-πας
1328 3523 1439 3590 καὶ
1484 3536 1657 3602 κῶας
1700 3526 2021 3612 ὕπερθεν·
2117 3567 2120 3570 -
2169 3511 2465 3582 frum-mv

1861 3629 1934 3682 4*
