2650 3909
756 261 791 293 v
829 241 945 311 (20)
981 239 1052 296 τὰ
1086 241 1195 312 πρὸ
1232 249 1331 310 τῆς
1365 246 1867 313 μνηστηροφονίασ.
2193 242 2322 306 123

306 404 375 467 οἲ
418 402 501 484 δή
547 424 661 484 μοι
706 402 971 489 καμάτῳ
1016 400 1346 485 θυμαλγέι
1390 401 1657 485 γούνατ’
1703 406 1944 468 ἔλυσαν

305 506 546 590 ἄλφιτα
592 508 938 592 τευχούσῃ·
985 517 1114 572 νῦν
1159 506 1405 572 ὕστατα
1452 507 1934 592 δειπνήσειαν.“

199 633 277 673 120
395 611 483 687 ὣς
528 610 630 697 ἄρ’
679 614 836 697 ἔφη,
880 624 1109 698 χαῖρεν
1155 610 1229 677 δὲ
1274 613 1583 697 κλεηδόνι
1630 615 1772 690 δῖος
1810 602 2164 687 Ὀδυσσεὺς

34 763 38 798 1,
80 707 279 798 W
309 719 526 801 Ζηνός
569 739 638 782 τε
683 721 956 803 βροντῇ·
1003 718 1172 804 φάτο
1218 718 1345 803 γὰρ
1390 721 1705 792 τίσασθαι
1750 717 2024 816 ἀλείτας.
2071 717 2297 833 W

393 823 469 886 αἱ
508 818 568 886 δ’
614 824 807 887 ἄλλαι
853 819 1069 911 δμῳαὶ
1113 823 1274 887 κατὰ
1324 823 1590 906 δώματα
1634 819 1777 888 κάλ’
1824 819 2142 905 Ὀδυσῆος

304 919 665 1013 ἀγρόμεναι
709 925 1019 993 ἀνέκαιον
1066 923 1164 993 ἐπ’
1211 926 1453 1013 ἐσχάρῃ
1499 927 1835 1012 ἀκάματον
1879 935 2032 1013 πῦρ.

314 1031 686 1119 Τηλέμαχος
731 1031 792 1099 δ’
837 1034 1125 1117 εὐνῆθεν
1170 1033 1512 1118 ἀνίστατο,
1559 1036 1824 1110 ἰσόθεος
1867 1035 2039 1117 φώς,

200 1157 277 1198 125
306 1139 536 1222 εἵματα
584 1136 967 1220 ἑσσάμενος·
1013 1136 1164 1223 περὶ
1210 1136 1283 1203 δὲ
1329 1137 1517 1223 ξίφος
1564 1137 1680 1216 ὀξὺ
1724 1135 1864 1204 θέτ’
1914 1140 2101 1226 ὤμῳ,

303 1241 503 1308 ποσσὶ
548 1239 607 1308 δ’
653 1243 784 1307 ὑπὸ
831 1248 1208 1327 λιπαροῖσιν
1255 1242 1534 1326 ἐδήσατο
1581 1245 1747 1308 καλὰ
1792 1242 2058 1326 πέδιλα,

304 1348 513 1411 εἵλετο
561 1345 624 1411 δ’
668 1348 948 1430 ἄλκιμον
995 1349 1211 1431 ἔγχος,
1257 1346 1627 1431 ἀκαχμένον
1674 1346 1808 1425 ὀξέι
1852 1352 2090 1434 χαλκῷ.

306 1459 422 1534 στῆ
472 1448 534 1514 δ’
577 1447 681 1534 ἄρ’
739 1447 836 1515 ἐπ’
885 1451 1092 1517 οὐδὸν
1138 1451 1291 1533 ἰών,
1335 1453 1501 1536 πρὸς
1547 1449 1606 1515 δ’
1657 1452 2072 1536 Εὐρύκλειαν
2118 1454 2321 1516 ἔειπε·

395 1566 598 1638 ,,μαῑά
644 1558 840 1640 φίλη,
882 1567 1021 1632 πῶς
1065 1554 1284 1633 ξεῖνον
1329 1554 1711 1640 ἐτιμήσασθ’
1757 1553 1858 1621 ἐνὶ
1905 1561 2063 1644 οἴκῳ

199 1682 277 1723 130
305 1660 464 1745 εὐνῇ
503 1657 620 1728 ,καὶ
666 1664 857 1749 σίτῳ,
902 1656 943 1744 ἧ
991 1661 1201 1736 αὕτως
1246 1672 1453 1726 κεῖται
1500 1661 1772 1745 ἀκηδής;

304 1767 571 1847 τοιαύτη
617 1767 743 1851 γὰρ
791 1765 910 1851 ἐμὴ
958 1767 1168 1852 μήτηρ
1215 1769 1457 1850 πινυτή
1501 1786 1624 1852 περ
1672 1766 1897 1831 ἐοῦσα·

41 1853 685 1983 ΚῆὶυώΛ-ὶέμπλήγδην
731 1870 956 1957 ἕτερόν
1003 1893 1077 1954 γε
1124 1874 1246 1936 τίει
1292 1875 1602 1956 μερόπων
1648 1871 2027 1956 ἀνθρώπων

303 1979 600 2064 χείρονα,
645 1979 762 2042 τὸν
810 1974 891 2041 δέ
929 1973 986 2041 τ’
1030 1971 1278 2060 ἀρείον’
1323 1973 1667 2060 ἀτιμήσασ’
1716 1974 2142 2059 ἀποπέμπει.“

393 2082 510 2146 τὸν
555 2079 616 2146 δ’
662 2076 819 2146 αὖτε
866 2079 1210 2166 προσέειπε
1255 2082 1600 2165 περίφρων
1645 2080 2045 2166 Εὐρύκλεια·

198 2206 278 2246 135
399 2185 565 2268 ,,οὐκ
610 2187 694 2251 ἄν
741 2210 857 2270 μιν
901 2195 1060 2269 νῦν,
1103 2183 1369 2267 τέκνον,
1414 2184 1714 2251 ἀναίτιον
1760 2187 2044 2273 αἰτιόῳο.

306 2285 495 2356 οἶνον
541 2287 663 2374 μὲν
709 2291 835 2376 γὰρ
881 2301 1031 2355 πῖνε
1076 2293 1485 2374 καθήμενος,
1531 2288 1682 2375 ὄφρ’
1729 2288 1907 2356 ἔθελ’
1952 2289 2178 2372 αὐτός,

306 2399 492 2461 σίτου
540 2393 599 2459 δ’
648 2391 859 2460 οὐκέτ’
905 2397 1031 2477 ἔφη
1078 2395 1491 2484 πεινήμεναι·
1539 2401 1748 2480 εἴρετο
1794 2395 1919 2479 γάρ
1966 2381 2379 2498 μιαΜΜψ
2437 2406 2517 2518 ku
2627 2423 2628 2426 ¹

305 2495 447 2564 ἀλλ’
494 2499 601 2565 ὅτε
651 2501 732 2585 δὴ
779 2506 1028 2566 κοίτοιο
1074 2495 1185 2562 καὶ
1228 2498 1446 2564 ὕπνου
1492 2502 1954 2583 μιμνήσκοιτο,
2627 2505 2628 2510 ’

301 2605 343 2687 ἡ
390 2601 511 2689 μὲν
559 2602 769 2689 δέμνι’
812 2606 1071 2688 ἄνωγεν
1115 2601 1556 2688 ὑποστορέσαι
1602 2605 1935 2692 δμῳῇσιν,

198 2732 277 2772 140
304 2708 510 2794 αὐτὰρ
558 2710 595 2774 ὅ
640 2706 733 2793 γ’,
779 2710 868 2786 ὥς
911 2732 1010 2786 τις
1052 2708 1322 2792 πάμπαν
1371 2708 1629 2792 ὀιζυρὸς
1673 2706 1779 2773 καὶ
1828 2710 2148 2794 ἄποτμος,

303 2814 425 2878 οὐκ
472 2810 647 2880 ἔθελ’
696 2814 768 2879 ἐν
815 2811 1141 2899 λέκτροισι
1186 2810 1295 2877 καὶ
1342 2811 1415 2878 ἐν
1463 2812 1733 2898 ῥήγεσσι
1777 2815 2169 2898 καθεύδειν,

302 2915 443 2984 ἀλλ’
490 2916 563 2983 ἐν
610 2916 914 3006 ἀδεψήτῳ
952 2915 1117 3003 βοέῃ
1163 2915 1273 2982 καὶ
1315 2919 1556 2982 κώεσιν
1601 2920 1765 2984 οἰῶν

302 3018 533 3108 ἔδραθ’
580 3020 681 3087 ἐνὶ
725 3023 1068 3109 προδόμῳ·
1115 3028 1395 3106 χλαῖναν
1442 3019 1503 3086 δ’
1550 3021 1942 3105 ἐπιέσσαμεν
1986 3023 2237 3107 ἡμεῖς.“

390 3128 479 3205 ὣς
521 3128 724 3212 φάτο,
777 3125 1149 3213 Τηλέμαχος
1194 3125 1269 3193 δὲ
1313 3125 1402 3192 δι’
1449 3126 1522 3193 ἐκ
1568 3128 1880 3212 μεγάροιο
1926 3130 2191 3212 βεβήκει

192 3254 274 3298 1⁴5
302 3235 490 3319 ἔγχος
533 3235 727 3316 ἔχων·
773 3234 907 3316 ἅμα
950 3240 1040 3318 τῷ
1088 3255 1162 3315 γε
1208 3235 1404 3309 κύνες
1447 3234 1655 3308 πόδας
1699 3231 1892 3317 ἀργοὶ
1937 3231 2192 3300 ἕποντο.

299 3342 384 3422 βῆ
430 3335 492 3402 δ’
536 3343 683 3421 ἴμεν
729 3339 823 3414 εἰς
866 3336 1118 3423 ἀγορὴν
1164 3334 1299 3421 μετ’
1347 3337 1743 3421 ἐυκνήμιδας
1782 3333 2098 3423 Ἀχαιούς.

297 3443 339 3525 ἡ
387 3439 450 3507 δ’
498 3436 652 3506 αὖτε
700 3445 998 3530 δμῳῇσιν
1045 3439 1340 3507 ἐκέκλετο
1387 3443 1499 3507 δῖα
1543 3454 1909 3527 γυναικῶν,

298 3543 679 3632 Εὐρύκλει’,
712 3540 911 3624 Ὦπος
953 3547 1256 3631 θυγάτηρ
1303 3549 1820 3633 Πεισηνορίδαο·
