2650 3909
840 248 871 282 ο
909 230 1023 298 (15)
1066 227 1392 298 Τηλεμάχου
1430 224 1721 290 ἐπάνοδος.
2197 226 2279 288 41

244 445 267 460 ,,
362 386 509 473 ,,τοὶ
554 390 680 473 γὰρ
728 386 855 471 ἐγώ
901 411 1037 472 τοι,
1081 386 1283 472 ξεῖνε,
1331 385 1481 470 μάλ’
1528 386 1847 475 ἀτρεκέως
1891 386 2250 471 ἀγορεύσω.

271 492 337 572 ἐξ
378 491 643 576 Ἰθάκης
686 491 880 575 γένος
924 495 1064 577 εἰμί
1068 540 1087 576 ,
1140 494 1355 577 πατὴρ
1402 490 1484 557 δέ
1531 496 1651 576 μοί
1691 493 1869 558 ἐστιν
1907 490 2288 572 Ὀδυσσεύς,

271 605 341 663 εἴ
377 593 543 678 ποτ’,
568 600 708 681 ἔην·
754 607 885 663 νῦν
931 595 994 661 δ’
1033 599 1162 681 ἤδη
1211 595 1538 682 ἀπέφθιτο
1586 601 1808 684 λυγρῷ
1857 595 2137 686 ὀλέθρῳ.

271 703 553 768 τούνεκα
596 712 726 768 νῦν
772 701 1046 789 ἑτάρους
1087 726 1158 767 τε
1205 704 1431 786 λαβὼν
1475 701 1586 768 καὶ
1630 712 1758 787 νῆα
1803 699 2123 786 μέλαιναν

163 832 245 871 ετο
270 804 490 892 ἦλθον
532 801 939 892 πευσόμενος
981 810 1227 894 πατρὸς
1272 809 1400 892 δὴν
1445 807 1879 893 οἰχομένοιο.“

361 915 480 1005 τὸν
525 912 585 978 δ’
632 908 788 979 αὖτε
833 911 1178 1000 προσέειπε
1227 915 1683 998 Θεοκλύμενος
1726 913 2057 996 θεοειδής·

363 1019 582 1103 »οὕτω
627 1042 729 1084 τοι
774 1017 885 1085 καὶ
931 1018 1103 1120 έγῲν
1148 1019 1221 1084 ἐκ
1264 1021 1612 1104 πατρίδος,
1656 1020 1871 1105 ἄνδρα
1915 1017 2232 1092 κατακτὰς

274 1126 600 1209 ἔμφυλον·
645 1123 882 1191 πολλοὶ
927 1121 1002 1189 δὲ
1045 1127 1436 1209 κασίγνητοί
1474 1147 1542 1210 τε
1590 1127 1728 1190 ἔται
1770 1148 1842 1190 τε

257 1228 511 1318 ’Ἀργοςθ
542 1226 645 1295 ἀν’
693 1231 1085 1312 ἱππόβοτον,
1129 1229 1294 1314 μέγα
1342 1227 1417 1295 δὲ
1462 1229 1855 1318 κρατέουσιν
1895 1227 2191 1315 Ἀχαιῶν.

165 1355 246 1397 ετε
274 1345 407 1399 τῶν
451 1334 949 1419 ὑπαλευάμενος
990 1336 1292 1428 θάνατον
1338 1333 1449 1399 καὶ
1493 1344 1660 1419 κῆρα
1705 1334 2024 1418 μέλαιναν
2054 1316 2473 1440 &addas-aff

272 1440 535 1524 φεύγω,
580 1437 731 1534 ἐπεί
766 1440 854 1504 νύ
899 1462 1013 1522 μοι
1058 1435 1212 1520 αἶσα
1256 1437 1397 1504 κατ’
1452 1439 1854 1525 ἀνθρώπους
1899 1438 2289 1523 ἀλάλησθαι.

273 1543 442 1609 ἀλλά
488 1567 568 1627 με
613 1546 773 1628 νηὸς
819 1547 1122 1630 ἔφεσσαι,
1167 1544 1316 1609 ε’πεί
1356 1560 1428 1628 σε
1475 1545 1711 1629 φυγὼν
1758 1541 2087 1627 ἱκέτευσα,

273 1653 363 1734 μή
410 1673 489 1734 με
533 1653 1029 1716 κατακτείνωσι·
1078 1647 1469 1733 διωκέμεναι
1514 1650 1642 1735 γάρ
1688 1649 1873 1734 ᾁίω.“

361 1756 481 1821 τὸν
528 1751 590 1819 δ’
636 1745 722 1820 αὖ
768 1753 1150 1841 Τηλέμαχος
1193 1737 1611 1838 πεπνυμένος
1655 1753 1885 1842 ἀντίον
1929 1753 2130 1836 ηὔδα·

167 1883 248 1923 280
365 1861 490 1946 „m'y
535 1857 656 1950 μὲν
703 1861 788 1943 δή
835 1857 896 1925 σ’
938 1858 1259 1938 ἐθέλοντά
1302 1858 1368 1943 γ’
1410 1859 1651 1924 ἀπώσω
1696 1861 1856 1943 νηὸς
1900 1858 2106 1941 ἐίσης,

273 1962 416 2030 ἀλλ’
464 1964 645 2044 ἕπευ·
693 1964 899 2052 αὐτὰρ
945 1972 1126 2031 κεῖθι
1170 1966 1509 2050 φιλήσεαι,
1554 1957 1663 2030 οἷά
1707 1960 1768 2044 κ’
1816 1964 2127 2049 ἔχωμεν.“

364 2070 453 2147 ὣς
496 2071 625 2156 ἄρα
669 2074 985 2162 φωνήσας
1007 2071 1117 2169 ’,ο-ζ..
1140 2068 1406 2148 ἐδέξατο
1450 2069 1730 2156 χάλκεον
1776 2072 1996 2156 ἔγχος,
2171 2055 2258 2162 k*
2285 2039 2474 2124 W*-

273 2174 386 2239 καὶ
428 2178 505 2240 τό
550 2173 612 2257 γ’
658 2172 756 2240 ἐπ’
805 2178 1099 2260 ἰκριόφιν
1143 2177 1429 2241 τάνυσεν
1473 2178 1624 2253 νεὸς
1666 2174 2126 2260 ἀμφιελίσσης·

275 2279 360 2345 ἂν
408 2276 499 2370 δὲ’
527 2276 637 2343 καὶ
683 2280 879 2355 αὐτὸς
923 2281 1084 2362 νηὸς
1129 2263 1399 2363 ἐβήσετο
1444 2283 1916 2366 ποντοπόροιο,

170 2407 251 2448 285
279 2383 353 2449 έν
398 2385 667 2470 πρύμνῃ
714 2381 777 2448 δ’
818 2381 922 2469 ἄρ’
970 2385 1190 2449 ἔπειτα
1235 2382 1578 2466 καθέζετο,
1621 2385 1755 2467 πὰρ
1802 2379 1876 2448 δὲ
1921 2375 1993 2449 οἷ
2032 2384 2209 2470 αὐτῷ

278 2480 412 2554 εἷσε
461 2489 948 2572 Θεοκλύμενον·
995 2485 1098 2553 τοὶ
1144 2485 1219 2553 δὲ
1262 2486 1621 2573 πρυμνήσι’
1667 2491 1929 2553 ἔλυσαν.

286 2593 662 2688 Τηλέμαχος
708 2590 770 2658 δ’
818 2592 1150 2680 ἑτάροισιν
1196 2592 1561 2679 ἐποτρύνας
1606 2592 1949 2659 ἐκέλευσεν

277 2700 501 2766 ὅπλων
548 2701 900 2765 ἅπτεσθαι·
946 2698 1049 2766 τοὶ
1095 2696 1157 2764 δ’
1203 2697 1579 2783 ἐσσυμένως
1624 2697 1959 2765 ἐπίθοντο.

280 2806 465 2870 ἰστὸν
511 2803 572 2869 δ’
617 2806 948 2884 εἰλάτινον
993 2808 1219 2889 κοίλης
1264 2808 1541 2872 ἔντοσθε
1589 2805 1921 2889 μεσόδμης

174 2932 253 2973 290
280 2918 527 2993 στῆσαν
571 2909 937 2996 ἀείραντες,
980 2912 1144 2980 κατὰ
1191 2908 1266 2976 δὲ
1309 2914 1737 2997 προτόνοισιν
1784 2911 2058 2994 ἔδησαν,

282 3014 477 3081 ἕλκον
523 3013 585 3079 δ’
631 3015 805 3081 ίστία
851 3017 1051 3081 λευκὰ
1096 3014 1547 3102 ἐυστρέπτοισι
1592 3019 1841 3099 βοεῦσι.

106 3168 125 3182 .
276 3132 491 3208 τοῖσιν
538 3117 599 3185 δ’
648 3127 919 3204 ἴκμενον
964 3115 1171 3207 οὖρον
1215 3122 1303 3186 ἴει
1349 3126 1725 3204 γλαυκῶπις
1763 3115 2042 3204 Ἀθήνη,
2306 3187 2318 3204 .

45 3249 61 3282 ι
90 3205 529 3337 Λμπράβρον
573 3225 989 3328 ἐπαιγίζοντα
1034 3220 1122 3290 δι’
1166 3223 1464 3313 αὐθέρος,
1511 3228 1687 3311 ὄφρα
1729 3225 1996 3310 τάχιστα
2078 3205 2424 3328 lvwakwq

176 3352 254 3393 294
278 3341 443 3413 νηῦς
488 3330 750 3397 ἀνύσειε
794 3329 1049 3397 θέουσα
1092 3332 1437 3415 θαλάσσης
1482 3330 1779 3417 ἁλμυρὸν
1822 3329 2025 3416 ὕδωρ.

176 3458 253 3498 296
369 3437 605 3502 δύσετό
649 3435 706 3502 τ’
749 3434 968 3519 ἠέλιος
1012 3439 1332 3503 σκιόωντό
1377 3460 1444 3502 τε
1490 3446 1693 3501 πᾶσαι
1738 3434 1989 3524 ἀγυιαί·

276 3541 318 3625 ἡ
366 3537 442 3606 δὲ
491 3542 665 3617 Φεὰς
710 3540 1070 3636 ἐπέβαλλεν
1116 3537 1504 3625 ἐπειγομένη
1552 3544 1718 3619 Διὸς
1762 3541 1973 3630 οὔρῳ,
2015 3517 2444 3596 ΑΜΜ“Ε
