2650 3909
360 218 489 281 146
1022 235 1056 285 χ
1092 216 1202 284 (22)
1242 214 1716 284 μνηστηροφονία.

356 376 522 463 ἀμφὶ
572 374 646 442 δὲ
690 387 876 462 χεῖρα
922 379 1127 460 φίλην
1172 375 1376 459 βάλεν
1423 376 1628 459 ἐγχεῖ,
1664 373 1824 465 ,ἄγχι
1870 366 1932 434 δ’
1978 367 2083 455 ἄρ’
2126 368 2333 433 αὐτοῦ

355 484 487 569 πὰρ
533 485 790 568 θρόνον
838 479 1092 564 ἑστήκει
1137 478 1627 566 κεκορυθμένος
1673 482 1906 542 αἴθοπι
1953 479 2189 560 χαλκῷ.

1002 776 1587 852 ΟΔΤΣΣΕΙΑΣ
1643 777 1739 849 X.

447 907 677 991 Αὐτὰρ
724 906 760 971 ὁ
808 906 1131 988 γυμνώθη
1179 901 1436 989 ῥακέων
1479 905 1843 987 πολύμητις
1879 902 2262 989 Ὀδυσσεύς,

358 1006 515 1077 ἆλτο
563 1009 626 1075 δ’
671 1008 777 1075 ἐπὶ
823 1006 1031 1093 μέγαν
1077 1009 1285 1074 οὐδὸν
1331 1011 1499 1100 ἔχων
1544 1010 1697 1091 βιὸν
1741 1007 2243 1098 ἠδὲφαρέτρην

359 1118 487 1180 ἰῶν·
529 1114 873 1198 ἐμπλείην,
918 1111 1150 1199 ταχέας
1196 1111 1256 1178 δ’
1304 1110 1595 1199 ἐκχεύατ’
1641 1114 1904 1193 ὀιστοὺς

358 1219 567 1285 αὐτοῦ
610 1222 865 1304 πρόσθε
913 1221 1172 1303 ποδῶν,
1219 1220 1380 1304 μετὰ
1428 1215 1502 1283 δὲ
1547 1231 1958 1306 μνηστῆρσιν
2005 1224 2243 1287 ἔειπεν·
2313 1301 2321 1313 ,
2591 1276 2605 1321 χ

302 1346 330 1385 ⁶
449 1321 688 1408 ,,οὗτος
731 1321 854 1408 μὲν
903 1326 986 1409 δὴ
1033 1326 1278 1401 ἄεθλος
1322 1324 1563 1405 ἀάατος
1609 1324 2067 1393 ἐκτετέλεσται·
2115 1303 2349 1368 damme
2403 1292 2605 1403 (0⁰⁶9

357 1440 485 1497 νῦν
532 1425 687 1495 αὖτε
736 1433 986 1496 σκοπὸν
1033 1432 1272 1515 ἄλλον,
1318 1430 1399 1495 ὃν
1446 1431 1526 1496 οὔ
1572 1432 1673 1496 πώ
1720 1455 1818 1509 τις
1861 1433 2065 1516 βάλεν
2111 1432 2311 1518 ἀνήρ,

357 1542 648 1620 εἴσομαι,
694 1541 771 1601 αἴ
806 1558 879 1601 κε
927 1536 1202 1620 τύχωμι,
1245 1538 1420 1621 πόρῃ
1468 1534 1549 1599 δέ
1587 1560 1702 1618 μοι
1748 1532 1940 1622 εὖχος
1978 1535 2376 1603 Ἀπόλλων.“

445 1636 487 1724 ἦ
533 1639 643 1705 καὶ
690 1637 790 1705 ἐπ’
842 1638 1153 1728 Ἀντινόῳ
1202 1641 1475 1706 ἰθύνετο
1520 1642 1761 1723 πικρὸν
1808 1642 2051 1708 ὀιστόν.

347 1748 505 1829 ’ἤτοι
552 1745 588 1810 ὁ
635 1747 842 1811 καλὸν
888 1746 1155 1810 ἄλεισον
1201 1743 1683 1828 ἀναιρήσεσθαι
1729 1748 1991 1829 ἔμελλε,

280 1872 333 1910 10
359 1851 675 1935 χρύσεον,
722 1850 1071 1932 ἄμφωτον,
1117 1846 1226 1911 καὶ
1274 1849 1357 1930 δὴ
1403 1849 1563 1931 μετὰ
1607 1847 1836 1935 χερσὶν
1882 1849 2134 1933 ἐνώμα,

360 1957 535 2040 ὄφρα
579 1957 719 2018 πίοι
766 1959 1004 2016 οἴνοιο·
1051 1954 1261 2034 φόνος
1305 1949 1386 2016 δέ
1427 1952 1497 2017 οἰ
1537 1952 1660 2017 οὐκ
1704 1951 1806 2018 ἐνὶ
1849 1960 2048 2042 θυμῷ

359 2057 707 2142 μέμβλετο·
754 2060 851 2132 τίς
896 2053 956 2120 κ’
1000 2061 1205 2121 οἴοιτο
1252 2052 1390 2140 μετ’
1436 2055 1719 2143 ἀνδράσι
1766 2060 2231 2144 δαιτυμόνεσσι

360 2173 613 2247 μοῦνον
661 2159 760 2226 ἐνὶ
804 2163 1186 2244 πλεόνεσσι,
1231 2159 1342 2226 καὶ
1389 2164 1451 2226 εί
1493 2163 1667 2247 μάλα
1712 2167 2027 2251 καρτερὸς
2068 2171 2202 2248 εἴη,

361 2259 433 2333 οἶ
470 2266 722 2346 τεύξειν
767 2267 1067 2332 θάνατόν
1113 2290 1180 2331 τε
1227 2269 1433 2333 κακὸν
1478 2268 1588 2333 καὶ
1632 2279 1803 2355 κῆρα
1848 2270 2201 2355 μέλαιναν;
2389 2322 2402 2335 .

21 2348 234 2436 *mu-V
282 2395 334 2435 15
362 2376 479 2440 τὸν
526 2372 587 2439 δ’
631 2371 946 2450 Ὀδυσεὺς
989 2374 1153 2438 κατὰ
1200 2377 1439 2465 λαιμὸν
1487 2374 1912 2460 ἐπισχόμενος
1957 2376 2160 2460 βάλεν
2207 2370 2592 2467 3123,qu

362 2482 634 2565 ἀντικρὺ
683 2477 741 2544 δ’
789 2477 1068 2545 ἁπαλοῖο
1117 2477 1204 2543 δι’
1250 2478 1527 2565 αὐχένος
1569 2475 1770 2563 ἤλυθ’
1812 2474 2052 2564 ἀκωκή.

363 2584 637 2668 ἐκλίνθη
686 2581 745 2648 δ’
793 2582 1099 2668 ἑτέρωσε,
1147 2581 1348 2659 δέπας
1395 2581 1474 2648 δέ
1515 2584 1586 2648 οἱ
1626 2586 1855 2648 ἔκπεσε
1899 2586 2116 2668 χειρὸς

361 2686 726 2771 βλημένου,
774 2687 1008 2751 αὐτίκα
1055 2684 1115 2750 δ’
1162 2686 1365 2762 αὐλὸς
1409 2685 1536 2750 ἀνὰ
1583 2687 1773 2771 ῥῖνας
1816 2690 2028 2772 παχὺς
2046 2683 2281 2770 ἢλθεν

362 2792 633 2874 αἵματος
677 2787 1099 2873 ἀνδρομέοιο·
1147 2797 1329 2866 θοῶς
1376 2787 1438 2854 δ’
1482 2789 1609 2856 ἀπὸ
1655 2782 1752 2856 εἷο
1799 2792 2119 2877 τράπεζαν

281 2918 336 2958 20
364 2889 492 2959 ὦσε
536 2892 693 2959 ποδὶ
737 2893 1013 2978 πλήξας,
1058 2894 1185 2960 ἀπὸ
1234 2892 1293 2959 δ’
1341 2897 1567 2960 εἴδατα
1613 2906 1806 2981 χεῦεν
1853 2900 2060 2982 ἔραζε·

365 3001 542 3076 σῖτός
587 3023 654 3065 τε
701 2998 859 3086 κρέα
903 2996 957 3064 τ’
1005 2999 1169 3065 ὀπτὰ
1215 3002 1563 3086 φορύνετο.
1652 3000 1755 3067 τοὶ
1802 2999 1864 3068 δ’
1910 3003 2251 3088 ὁμάδησαν

363 3113 728 3190 μνηστῆρες
770 3105 933 3170 κατὰ
980 3102 1272 3189 δώμαθ’,
1316 3105 1494 3183 ὅπως
1541 3108 1689 3172 ἴδον
1735 3108 1948 3194 ἄνδρα
1992 3111 2306 3190 πεσόντα,

366 3211 437 3275 ἐκ
484 3206 557 3274 δὲ
602 3213 875 3295 θρόνων
921 3209 1300 3295 ἀνόρουσαν
1347 3209 1729 3296 ὀρινθέντες
1773 3212 1936 3276 κατὰ
1982 3214 2202 3297 δῶμα,

364 3314 646 3380 πάντοσε
692 3317 1168 3392 παπταίνοντες
1213 3314 1579 3399 ἐυδμήτους
1622 3313 1773 3380 ποτὶ
1818 3318 2105 3400 τοίχους·

283 3440 337 3480 25
366 3417 531 3483 οὐδέ
569 3441 659 3503 πῃ
706 3417 899 3496 ἀσπὶς
944 3422 1060 3502 ἔην
1106 3417 1255 3485 οὐδ’
1298 3422 1577 3503 ἄλκιμον
1623 3423 1812 3505 ἔγχος
1858 3418 2144 3488 ἑλέσθαι.

363 3526 651 3588 νείκειον
699 3521 759 3586 δ’
806 3521 1091 3609 Ὀδυσῆα
1136 3530 1527 3610 χολωτοῖσιν
1575 3523 1854 3591 ἐπέεσσι·
