2650 3909
771 284 802 316 ν
841 266 952 344 (13)
986 260 1289 324 Ὀδυσσέως
1325 263 1518 331 ἄφιξις
1554 262 1634 324 εἰς
1664 261 1914 331 Ἰθάκην.
2305 259 2348 322 ὃ

343 424 470 489 κάδ
517 421 578 487 δ’
623 420 725 504 ἄρ’
773 421 880 488 ἐπὶ
925 423 1215 511 ψαμάθῳ
1263 426 1506 488 ἔθεσαν
1552 422 1962 505 δεδμημένον
1998 423 2218 509 ὕπνῳ,

239 551 319 590 120
347 528 420 592 ἐκ
467 524 540 591 δὲ
586 523 853 610 κτήματ’
898 528 1159 610 ἄειραν,
1205 529 1248 592 ἅ
1294 529 1365 592 οἱ
1409 531 1692 610 Φαίηκες
1735 525 1972 609 ἀγαυοὶ

348 635 619 697 ὤπασαν
666 629 879 697 οἴκαδ’
925 634 1094 697 ἰόντι
1140 634 1250 696 διά
1297 633 1687 716 μεγάθυμον
1722 630 2034 715 Ἀθήνην.

346 735 455 801 καὶ
500 738 579 801 τά
626 733 747 820 μὲν
793 732 918 802 οὖν
961 737 1138 821 παρὰ
1181 734 1467 821 πυθμέν’
1512 738 1731 828 ἐλαίης
1775 735 1992 822 ἀθρόα
2035 742 2255 818 θῆκαν

348 841 530 917 ε’κτὸς
575 841 772 924 ὁδοῦ,
816 842 904 923 μή
950 841 1051 904 πώ
1097 862 1196 917 τις
1240 841 1526 907 ὁδιτάων
1573 842 1983 926 ἀνθρώπων,

346 944 505 1027 πρὶν
542 942 805 1027 Ὀδυσῆ’
847 947 1192 1029 ἔγρεσθαι,
1237 945 1540 1011 ἐπελθὼν
1587 948 1968 1029 δηλήσαιτο·

242 1074 318 1115 125
347 1049 535 1115 αὐτοὶ
583 1048 641 1114 δ’
697 1045 837 1114 αὖτ’
895 1045 1080 1114 οἶκον
1127 1047 1200 1116 δὲ
1245 1052 1446 1116 πάλιν
1490 1055 1655 1116 κίον.
1747 1051 1828 1116 οὐ
1876 1047 1935 1114 δ’
1984 1049 2352 1131 ἐνοσίχθων

348 1152 571 1240 λήθετ’
618 1154 977 1237 ἀπειλάων,
1021 1156 1136 1231 τάς
1181 1152 1467 1244 ἀντιθέῳ
1505 1152 1775 1238 Ὀδυσῆι

347 1270 609 1345 πρῶτον
656 1258 1075 1343 ἐπηπείλησε,
1122 1262 1289 1336 Διὸς
1336 1257 1399 1324 δ’
1442 1259 1719 1345 ἐξείρετο
1765 1262 2043 1343 βουλήν·

438 1368 616 1447 ,,Ζε-ῦ
661 1363 894 1448 πάτερ,
940 1362 1149 1428 οὐκέτ’
1196 1367 1400 1446 ἔγωγε
1447 1362 1584 1447 μετ’
1628 1363 2021 1429 ἀθανάτοισι
2064 1371 2286 1429 θεοῖσι

347 1471 596 1552 τιμήεις
639 1471 902 1551 ἔσομαι,
950 1468 1058 1532 ὅτε
1102 1491 1181 1552 με
1228 1465 1455 1553 βροτοὶ
1504 1469 1583 1533 οὔ
1629 1491 1693 1532 τι
1737 1472 1985 1549 τίουσι,

244 1597 320 1637 130
352 1577 667 1657 Φαίηκες,
712 1576 821 1638 τοί
859 1570 981 1655 πέρ
1025 1596 1094 1637 τε
1142 1572 1298 1656 ἐμῆς
1344 1571 1540 1650 ἔξεισι
1585 1571 1920 1655 γενέθλης.

345 1677 455 1742 καὶ
502 1679 627 1763 γὰρ
674 1687 802 1742 νῦν
841 1676 1126 1760 Ὀδυσῆα
1172 1678 1401 1769 φοι-μην
1445 1679 1612 1742 κακά
1656 1677 1867 1742 πολλὰ
1911 1679 2212 1742 παθόντα
2249 1676 2398 1743 00Αό

349 1779 560 1847 οἴκαδ’
608 1783 1023 1848 ἐλεύσεσθαι
1070 1786 1312 1848 νόστον
1360 1780 1440 1848 δέ
1480 1784 1551 1848 οἱ
1590 1783 1671 1848 οὔ
1715 1780 1860 1848 ποτ’
1903 1781 2217 1865 ἀπηύρων

346 1889 596 1973 πάγχυ,
643 1886 783 1953 ἐπεὶ
828 1892 912 1952 σὺ
956 1899 1220 1971 πρῶτον
1255 1887 1535 1974 ὑπέσχεο
1572 1890 1681 1953 καὶ
1717 1886 2124 1963 κατένευσας.

348 1994 418 2057 οἱ
460 1989 520 2057 δ’
565 1991 822 2058 εὕδοντ’
870 1992 943 2058 ἐν
987 1992 1098 2077 νηὶ
1142 2000 1275 2077 θοῇ
1323 1991 1429 2058 ἐπὶ
1474 1996 1721 2058 πόντον
1766 1995 2038 2075 ἄγοντες

245 2121 320 2161 135
348 2098 678 2162 κάτθεσαν
724 2100 824 2162 εἰν
861 2095 1121 2184 Ἰθάκῃ,
1166 2100 1409 2164 ἔδοσαν
1457 2095 1538 2162 δέ
1575 2099 1647 2162 οἰ
1687 2100 1930 2163 ἄσπετα
1978 2100 2189 2182 δῶρα,

351 2206 596 2288 χαλκόν
641 2225 709 2266 τε
755 2206 1006 2288 χρυσόν
1051 2225 1120 2266 τε
1167 2203 1312 2279 ἅλις
1359 2202 1605 2285 ἐσθῆτά
1650 2200 1722 2267 θ’
1762 2203 2097 2286 ὑφαντήν,

348 2305 568 2390 πόλλ’,
615 2304 714 2371 ὅσ’
759 2306 844 2371 ἂν
892 2306 1052 2372 οὐδέ
1090 2328 1247 2371 ποτε
1303 2312 1542 2392 Τροίης
1588 2306 1840 2393 ἐξήρατ’
1886 2307 2266 2390 Ὀδυσσεύς,

351 2419 422 2477 εἴ
457 2434 578 2498 περ
626 2412 904 2495 ἀπήμων
949 2407 1150 2495 ἦλθε,
1196 2413 1415 2494 λαχὼν
1462 2411 1588 2477 ἀπὸ
1634 2414 1860 2494 ληίδος
1905 2408 2159 2477 αἷσαν.“

439 2519 556 2582 τὸν
603 2514 664 2581 δ’
718 2515 1240 2599 ἀπαμειβόμενος
1284 2514 1585 2601 προσέφη
1639 2515 2115 2601 νεφεληγερέτα
2164 2518 2353 2593 Ζεύς·

243 2645 323 2685 140
441 2622 538 2704 ,,ὢ
583 2626 817 2705 πόποι,
863 2619 1223 2704 ἐννοσίγαι’
1270 2619 1700 2705 εὐρυσθενές,
1746 2612 1892 2687 οἷον
1938 2625 2160 2699 ἔειπες.

352 2727 433 2792 οὔ
478 2729 548 2791 τί
587 2723 646 2790 α’
692 2726 1074 2809 ἀτιμάζουσι
1116 2730 1296 2791 θεοί·
1342 2728 1628 2811 χαλεπὸν
1676 2723 1755 2791 δέ
1794 2749 1908 2790 κεν
1955 2733 2054 2810 εἴη
2279 2795 2294 2809 .

350 2833 801 2917 πρεσβύτατον
846 2831 957 2897 καὶ
1003 2834 1272 2913 ἄριστον
1319 2830 1652 2916 ἀτιμίῃσιν
1700 2832 1967 2916 ἰάλλειν.
2091 2822 2324 2887 α-νιωῧ

352 2935 619 3021 ἀνδρῶν
666 2933 723 3000 δ’
772 2942 842 3000 εἴ
875 2935 998 3019 πέρ
1044 2939 1142 3014 τίς
1188 2952 1259 3001 σε
1306 2939 1421 3020 βίῃ
1464 2935 1574 3000 καὶ
1619 2936 1845 3021 κάρτει·
1886 2943 2082 3000 εἴκων

355 3043 435 3106 οὔ
481 3065 544 3106 τι
589 3044 745 3124 τίει,
792 3039 898 3105 σοὶ
944 3039 1002 3105 δ’
1053 3039 1189 3106 ἐστὶ
1233 3040 1344 3106 καὶ
1390 3040 1665 3118 ἐξοπίσω
1711 3044 1878 3117 τίσις
1922 3043 2063 3106 αἰεί.

247 3166 324 3207 145
353 3145 543 3231 ἕρξον
591 3146 766 3223 ὅπως
812 3143 1063 3222 ἐθέλεις
1106 3151 1222 3211 καί
1258 3170 1363 3212 τοι
1408 3150 1608 3229 φίλον
1653 3148 1881 3209 ἔπλετο
1926 3148 2188 3231 θυμῷ.“

440 3254 557 3317 τὸν
604 3248 662 3315 δ’
710 3247 990 3335 ἠμείβετ’
1038 3253 1256 3316 ἔπειτα
1301 3251 1696 3316 Ποσειδάων
1744 3249 2139 3333 ἐνοσίχθων·

445 3405 486 3439 ,,
468 3351 651 3436 ,αἶψά
694 3353 756 3421 κ’
800 3354 971 3437 ἐγων
1017 3354 1301 3439 ἔρξαιμι,
1348 3353 1755 3438 κελαινεφές,
1802 3355 1889 3430 ὡς
1934 3353 2296 3458 ἀγορεύεις·

353 3460 521 3526 ἀλλά
568 3464 689 3527 σὸν
735 3459 863 3524 αἰεὶ
906 3462 1130 3544 θυμὸν
1179 3460 1478 3543 ὀπίζομαι
1524 3456 1626 3542 ἠδ’
1674 3458 1963 3525 ἀλεείνω.
2063 3480 2172 3517 cm
2181 3439 2276 3523 ιιι-ὁ

352 3576 483 3631 νῦν
528 3561 614 3631 αὖ
664 3568 977 3648 Φαιήκων
1025 3565 1235 3631 ἐθέλω
1281 3563 1668 3651 περικαλλέα
1713 3576 1838 3649 νῆα
