2650 3909
392 239 520 303 134
1087 259 1131 308 φ
1169 240 1283 308 (21)
1320 236 1486 303 τόξου
1520 236 1700 301 θέσις.

137 404 315 475 Μ
385 410 462 485 τῇ
511 397 571 466 δ’
626 397 730 486 ἄρ’
787 397 896 484 ἅμ’
946 398 1313 484 ἀμφίπολοι
1360 398 1568 485 φέρον
1615 402 1876 498 ὅζκιον,
1922 400 2090 464 ἔνθα
2137 399 2406 503 σίδηρος

383 517 560 572 κεῖτο
604 509 813 582 πολὺς
855 503 966 570 καὶ
1011 508 1279 589 χαλκός,
1325 503 1562 596 ἀέθλια
1606 516 1747 571 τοῖο
1793 506 2087 580 ἄνακτος.

384 610 426 692 ἡ
474 607 549 675 δ’
582 611 689 675 ὅτε
734 611 818 694 δὴ
863 619 1236 695 μνηστῆρας
1279 610 1553 695 ἀφίκετο
1600 611 1711 674 δῖα
1755 617 2125 693 γυναικῶν,

388 725 508 799 στῆ
556 715 641 801 ῥα
685 717 862 800 παρὰ
908 719 1210 800 σταθμὸν
1255 713 1475 799 τέγεος
1517 716 1692 781 πύκα
1735 725 2034 797 ποιητοῖο

305 843 360 884 65
386 823 550 906 ἄντα
595 821 927 907 παρειάων
974 820 1257 905 σχομένη
1307 821 1551 905 λιπαρὰ
1597 822 1957 905 κρήδεμνα·

388 924 705 993 ἀμφίπολος
739 923 797 978 δ’
830 923 944 994 ἄρα
981 921 1042 978 οἱ
1072 923 1244 992 κεδνὴ
1284 918 1557 993 ἑκάτερθε
1594 920 1859 993 παρέστη.

386 1014 617 1080 αὐτίκα
664 1009 739 1078 δὲ
782 1021 1148 1098 μνηστῆρσι
1192 1015 1484 1097 μετηύδα
1529 1015 1640 1078 καὶ
1684 1013 1853 1098 φάτο
1898 1019 2149 1097 μῦθον·

477 1124 795 1209 ,,κέκλυτέ
836 1150 994 1211 μευ,
1039 1136 1405 1212 μνηστῆρες
1448 1126 1802 1213 ἀγήνορες,
1849 1130 1919 1192 οἳ
1958 1128 2110 1193 τόδε
2156 1128 2343 1210 δῶμα

104 1220 284 1304 ΜΛΔ
388 1229 633 1320 ἐχράετ’
679 1231 989 1316 ἐσθιέμεν
1034 1230 1145 1296 καὶ
1188 1231 1463 1316 πινέμεν
1510 1229 1783 1317 ἐμμενὲς
1826 1229 1955 1296 αἰεὶ

307 1361 359 1400 ἰο
385 1335 630 1422 ἀνδρὸς
674 1335 1139 1423 ἀποιχομένοιο
1184 1341 1402 1404 πολὺν
1445 1341 1717 1424 χρόνον·
1765 1335 1931 1403 οὐδέ
1971 1335 2095 1403 τιν’
2140 1337 2347 1421 ἄλλην

46 1421 277 1554 W
385 1445 612 1526 μύθου
657 1445 1063 1527 ποιήσασθαι
1109 1442 1487 1532 ἐπισχεσίην
1534 1442 1898 1524 ἐδύνασθε,

385 1545 529 1614 ἀλλ’
576 1545 688 1632 ἐμὲ
735 1547 979 1632 ἱέμενοι
1026 1559 1228 1633 γῆμαι
1272 1547 1528 1614 θέσθαί
1566 1571 1635 1614 τε
1681 1559 1979 1633 γυναῖκα.
2194 1601 2200 1608 ,

387 1652 525 1719 ἀλλ’
572 1655 792 1737 ἄγετε,
835 1663 1234 1740 μνηστῆρες,
1280 1652 1422 1719 ἐπεὶ
1465 1655 1618 1720 τόδε
1661 1652 1917 1739 φαίνετ’
1958 1655 2226 1720 ἄεθλον.

385 1760 579 1850 θήσῳ
626 1760 752 1845 γὰρ
799 1758 966 1844 μέγα
1010 1758 1204 1837 τόξον
1243 1758 1602 1843 Ὀδυσσῆος
1644 1763 1889 1825 θείοιο·

307 1886 359 1926 75
388 1864 461 1940 ὃς
506 1863 586 1929 δέ
624 1888 696 1929 κε
743 1861 995 1950 ῥηίτατ’
1041 1864 1365 1951 ἐντανύσῃ
1411 1867 1562 1950 βιὸν
1610 1864 1683 1931 έν
1728 1865 2064 1950 παλάμῃσι

385 1966 494 2033 καὶ
541 1971 917 2055 διοϊστεύσῃ
962 1969 1288 2062 πελέκεων
1336 1972 1731 2036 δυοκαίδεκα
1774 1970 2074 2053 πάντων,

386 2083 476 2162 τῷ
521 2098 637 2140 κεν
682 2072 791 2158 ἅμ’
839 2072 1160 2159 ἑσποίμην
1204 2073 1704 2159 νοσφισσαμένη
1750 2077 1903 2141 τόδε
1949 2078 2135 2159 δῶμα

40 2213 72 2270 ,33
182 2181 764 2265 Μαφκκοῳρίδιον,
808 2181 983 2264 μάλα
1026 2184 1264 2264 καλόν,
1310 2180 1642 2246 ἐνίπλειον
1687 2184 1972 2265 βιότοιο,

70 2223 181 2340 ’Ἴ
386 2295 506 2350 τοῦ
550 2307 705 2352 ποτε
752 2288 1209 2371 μεμνήσεσθαι
1255 2287 1476 2371 ὀίομαι
1523 2289 1596 2352 ἔν
1640 2307 1764 2372 περ
1812 2287 2111 2376 ὀνείρφ.“

304 2424 358 2464 εο
475 2401 564 2478 ὣς
606 2402 808 2486 φάτο,
852 2403 968 2466 καί
1008 2397 1070 2485 ῥ’
1116 2401 1420 2484 Εὔμαιον
1464 2400 1738 2484 ἀνώγει,
1785 2402 1935 2467 δῖον
1977 2401 2315 2487 ὑφορβόν,

384 2505 579 2584 τόξον
624 2506 1064 2590 μνηστήρεσσι
1109 2504 1318 2589 θέμεν
1363 2509 1602 2572 πολιόν
1647 2529 1718 2571 τε
1765 2508 2060 2591 σίδηρον.

386 2611 717 2695 δακρύσας
761 2608 820 2674 δ’
865 2611 1161 2692 Εὔμαιος
1207 2609 1470 2687 ἐδέξατο
1517 2610 1628 2675 καὶ
1672 2610 2018 2692 κατέθηκε·

382 2721 566 2779 κλαῖε
613 2712 687 2779 δὲ
733 2715 1056 2798 βουκόλος
1099 2711 1365 2796 ἄλλοθ’,
1411 2713 1551 2779 ἐπεὶ
1598 2716 1698 2779 ἴδε
1743 2714 1938 2791 τόξον
1980 2713 2277 2791 ἄνακτος.

377 2815 710 2894 Ἀντίνοος
756 2815 818 2882 δ’
864 2814 1165 2883 ἐνένιπεν
1211 2819 1367 2893 ἔπος
1411 2816 1465 2882 τ’
1514 2815 1697 2900 ἔφατ’
1743 2821 1816 2883 ἔκ
1858 2813 1917 2882 τ’
1961 2818 2262 2903 ὀνόμαζε·

302 2947 356 2987 85
474 2925 742 3008 ,,νήπιοι
788 2922 1179 3009 ἀγροιῶται,
1224 2921 1545 3009 ἐφημέρια
1591 2922 2017 3009 φρονέοντες,

383 3023 424 3094 ἆ
471 3029 698 3114 δειλώ,
743 3034 814 3096 τί
850 3054 936 3095 νυ
983 3029 1192 3115 δάκρυ
1240 3033 1618 3114 κατείβετον
1661 3028 1781 3114 ἠδὲ
1824 3030 2092 3115 γυναικὶ

380 3137 606 3219 θυμὸν
653 3133 753 3201 ἐνὶ
799 3138 1160 3220 στήθεσσιν
1207 3135 1540 3218 ὀρίνετον;
1590 3130 1629 3222 ᾖ
1673 3160 1742 3202 τε
1786 3134 1895 3201 καὶ
1940 3138 2154 3212 ἄλλως

383 3252 605 3307 κεῖται4
637 3240 710 3307 έν
755 3242 983 3324 ἄλγεσι
1027 3244 1275 3326 θυμός,
1321 3240 1461 3307 ἐπεὶ
1508 3244 1709 3325 φίλον
1756 3238 1942 3306 med
1991 3240 2279 3324 ἀκοίτην.

52 3411 73 3440 .·
122 3367 151 3412 ι.
188 3409 199 3420 ,
228 3345 342 3476 Ast)
383 3344 528 3412 ἀλλ’
572 3343 783 3428 ἀκέων
828 3348 1152 3413 δαίνυσθε
1199 3350 1600 3432 καθήμενοι,
1644 3344 1721 3429 ἠὲ
1764 3348 2010 3431 θύραζε

302 3473 355 3512 90
381 3453 682 3515 κλαίετον
728 3450 1070 3529 ἐξελθόντε
1085 3501 1105 3536 ,
1149 3451 1285 3518 κατ’
1334 3454 1572 3543 αρτόθι
1617 3450 1770 3529 τόξα
1815 3455 2079 3519 λιπόντε
2093 3502 2112 3536 ,
2207 3441 2324 3533 hm«

382 3557 867 3641 μνηστήρεσσιν
911 3559 1160 3623 ἄεθλον
1207 3558 1478 3660 ἀάατον·
1527 3557 1608 3634 οὐ
1653 3558 1778 3643 γὰρ
1825 3558 1943 3625 ὀίω
2153 3547 2403 3642 ἺωᾲΜμ
