2650 3909
944 211 976 259 χ
1014 191 1125 260 (22)
1161 191 1640 260 μνηστηροφονία.
2167 185 2296 251 153

173 370 252 420 215
280 343 409 414 ὧδε
455 350 581 432 γὰρ
627 346 946 434 ἡμέτερόν
991 372 1065 432 γε
1111 353 1276 415 νόον
1320 347 1661 415 τελέεσθαι
1708 350 1854 414 ὀίω·

281 454 523 519 ὁππότε
566 476 684 518 κεν
728 455 1002 530 τούτους
1045 452 1366 537 κτέωμεν,
1410 451 1630 538 πατέρ’
1681 451 1801 536 ἠδὲ
1844 451 1956 518 καὶ
1998 454 2182 535 υἱόν,

282 558 354 623 ἐν
400 554 476 622 δὲ
521 561 605 622 σὺ
651 569 866 624 τοῖσιν
913 561 1131 624 ἔπειτα
1176 561 1535 643 πεφήσεαι,
1579 550 1687 624 οἶα
1733 566 2043 644 μενοινᾷς

283 662 502 747 ἔρδειν
548 661 623 728 έν
668 663 1000 748 μεγάροις·
1049 670 1144 748 σῷ
1193 659 1252 726 δ’
1300 661 1507 728 αὐτοῦ
1550 662 1782 747 κράατι
1827 665 2044 737 τίσεις.

282 768 487 852 αὐτὰρ
536 768 700 850 ἐπὴν
745 764 970 850 ὑμέων
1016 789 1088 849 γε
1135 769 1283 849 βίας
1327 766 1730 851 ἀφελώμεθα
1773 771 2026 852 χαλκῷ,

176 896 255 935 820
283 871 564 957 κτήμαθ’
612 872 865 938 ὁπόσσά
909 874 1019 936 τοί
1059 870 1218 955 ἐστι,
1263 873 1343 936 τά
1379 870 1432 936 τ’
1482 874 1714 938 ἔνδοθι
1751 870 1859 936 καὶ
1904 872 1982 936 τὰ
2018 872 2302 956 θύρηφι,

281 990 495 1043 τοῖσιν
533 975 893 1059 Ὀδυσσῆος
937 974 1397 1061 μεταμίξομεν·
1444 976 1608 1042 οὐδέ
1648 1000 1750 1042 τοι
1793 968 1943 1052 υἷας

284 1085 468 1161 ζώειν
516 1081 590 1148 ἐν
635 1081 1022 1166 μεγάροισιν
1068 1080 1348 1165 ἐάσομεν
1362 1130 1381 1164 ,
1428 1080 1586 1147 οὐδὲ
1630 1082 1970 1166 θύγατρας

283 1185 427 1253 οὐδ’
472 1188 717 1271 ἄλοχον
761 1188 1008 1270 κεδνὴν
1046 1185 1311 1270 Ἰθάκης
1356 1189 1517 1251 κατὰ
1563 1189 1727 1252 ἄστυ
1772 1186 2142 1252 πολεύειν.“

374 1292 461 1369 ὣς
506 1289 687 1375 φάτ’,
725 1288 1048 1374 Ἀθηναίη
1097 1288 1170 1355 δὲ
1215 1293 1551 1375 χολώσατο
1596 1295 1839 1375 κηρόθι
1884 1296 2168 1374 μᾶλλον,

177 1418 257 1458 225
283 1400 620 1461 νείκεσσεν
665 1392 724 1460 δ’
771 1393 1058 1477 Ὀδυσῆα
1102 1400 1490 1480 χολωτοῖσιν
1538 1395 1862 1461 ἐπέεσσιν·

374 1498 636 1584 ,,οὐκέτι
673 1498 870 1583 σοίγ’,
908 1498 1207 1583 Ὀδυσεῦ,
1243 1500 1443 1584 μένος
1478 1501 1763 1584 ἔμπεδον
1792 1498 1957 1565 οὐδέ
1977 1522 2075 1576 τις
2112 1498 2300 1583 ἀλκή,

285 1607 389 1688 οἵη
440 1602 531 1669 ὅτ’
580 1604 739 1689 ἀμφ’
788 1602 1016 1691 Ἑλένῃ
1063 1603 1479 1694 λευκωλένῳ,
1526 1605 1906 1690 εὐπατερείῃ

284 1709 568 1786 εἰνάετες
621 1711 956 1794 Τρώεσσιν
1003 1710 1291 1796 ἐμάρναο
1338 1707 1625 1794 νωλεμὲς
1668 1712 1828 1794 αἰεί,

284 1817 573 1891 πολλοὺς
616 1813 675 1878 δ’
723 1816 973 1898 ἄνδρας
1017 1818 1292 1900 ἔπεφνες
1338 1814 1413 1881 ἐν
1458 1818 1609 1899 αἰνῇ
1658 1817 1982 1898 δηιοτῆτι,

177 1943 256 1983 230
283 1930 365 2005 σῆ
414 1919 472 1986 δ’
516 1921 654 2004 ἥλω
699 1925 909 2005 βουλῇ
957 1921 1268 2006 Πριάμου
1314 1924 1503 1999 πόλις
1547 1921 1926 2005 εὐρυάγυια.

282 2035 420 2100 πῶς
464 2026 546 2109 δὴ
594 2036 752 2109 νῦν,
798 2027 904 2091 οτε
951 2028 1072 2090 σόν
1119 2049 1193 2108 γε
1240 2027 1451 2110 δόμον
1496 2024 1606 2091 καὶ
1651 2024 1933 2111 κτήμαθ’
1979 2028 2255 2110 ἱκάνεις,

283 2131 447 2193 αντα
492 2132 887 2215 μνηστήρων
932 2131 1292 2215 ὀλοφύρεαι
1338 2132 1612 2214 ἄλκιμος
1653 2128 1851 2220 εἶναι;
1908 2135 1972 2199 αϊ
2007 2117 2248 2249 MK
2296 2143 2342 2207 G
2395 2131 2482 2204 ζμ,

284 2231 429 2297 ἀλλ’
472 2235 588 2316 άγε
635 2235 868 2319 δεῦρο,
913 2233 1154 2318 πέπον,
1198 2232 1352 2319 παρ’
1397 2233 1494 2319 ἔμ’
1541 2237 1727 2300 ισταο
1772 2235 1881 2300 καὶ
1930 2238 2028 2301 ἴδε
2071 2178 2299 2322 ἔργον,

285 2335 437 2424 όφρ’
481 2339 659 2424 εἰδῇς
704 2331 843 2416 οἶός
887 2362 988 2405 τοι
1034 2338 1107 2404 ἐν
1153 2338 1435 2424 ἀνδράσι
1482 2338 1909 2422 δυσμενέεσσι

176 2466 255 2506 285
283 2441 570 2528 Μέντωρ
610 2441 983 2528 Ἀλκιμίδης
1027 2443 1404 2528 εὐεργεσίας
1449 2443 1845 2510 ἀποτίνειν.“

370 2543 413 2631 ἦ
460 2547 546 2633 ῥα
588 2544 700 2611 καὶ
745 2549 826 2613 οὐ
872 2569 973 2612 πω
1019 2549 1237 2634 πάγχυ
1283 2550 1480 2613 δίδου
1527 2546 1871 2637 ἑτεραλκέα
1914 2554 2137 2636 νίκην,
2168 2545 2446 2622 &cabima

282 2649 425 2717 ἀλλ’
472 2649 562 2716 ἔτ’
605 2653 733 2738 ἄρα
779 2652 1055 2730 σθένεός
1098 2676 1169 2718 τε
1212 2652 1323 2718 καὶ
1368 2653 1570 2739 ἀλκῆς
1613 2656 1978 2738 πειρήτιζεν

281 2755 446 2842 ἠμὲν
485 2756 844 2841 Ὀδυσσῆος
888 2754 996 2842 ἠδ’
1037 2761 1191 2826 υἱοῦ
1237 2761 1645 2843 κυδαλίμοιο.

282 2862 445 2946 αὐτὴ
494 2861 552 2927 δ’
600 2864 1030 2941 αἰθαλόεντος
1074 2863 1202 2929 ἀνὰ
1248 2864 1562 2948 μεγάροιο
1610 2864 1950 2948 μέλαθρον

173 2991 253 3031 240
281 2965 431 3046 ἕζετ’
479 2965 830 3049 ἀναΐξασα,
874 2970 1165 3051 χελιδόνι
1212 2966 1426 3051 εἰκέλη
1474 2969 1695 3052 ἄντην.

368 3080 742 3156 μνηστῆρας
788 3067 848 3135 δ’
896 3073 1147 3157 ὤτρυνε
1194 3075 1704 3158 Δαμαστορίδης
1741 3068 2045 3155 Ἀγέλαος

277 3177 670 3262 Εὐρύνομός
712 3199 781 3242 τε
827 3175 937 3241 καὶ
977 3174 1394 3261 Ἀμφιμέδων
1440 3181 1955 3263 Δημοπτόλεμός
1997 3201 2065 3244 τε

277 3283 696 3366 Πείσανδρός
740 3305 809 3347 τε
854 3284 1358 3366 Πολυκτορίδης
1401 3287 1713 3367 Πόλυβός
1757 3306 1825 3349 τε
1873 3285 2203 3370 δαΐφρων·

277 3388 349 3452 οἰ
387 3387 511 3469 γὰρ
560 3390 953 3472 μνηστήρων
1000 3386 1194 3472 ἀρετῇ
1241 3390 1402 3452 ἔσαν
1448 3382 1616 3473 ἔξοχ’
1659 3390 1947 3475 ἄριστοι,

168 3514 245 3556 246
275 3492 465 3558 ὅσσοι
511 3486 600 3555 ἔτ’
645 3492 845 3568 ἔζωον
889 3495 1046 3578 περί
1084 3514 1153 3557 τε
1200 3490 1469 3577 ψυχέων
1516 3491 1861 3579 ἐμάχοντο·
