2650 3909
360 218 487 281 118
720 236 752 270 τ
790 219 902 286 (19)
936 214 1240 277 Ὀδυσσέως
1275 215 1374 269 καὶ
1411 214 1743 285 Πηνελόπης
1779 215 1979 285 ὁμιλία.

252 399 331 441 570
356 377 519 444 ἄλλο
566 376 646 442 δέ
687 400 789 442 τοι
837 357 1033 460 ἐρέω,
1079 379 1163 441 σὺ
1211 374 1272 441 δ’
1318 374 1421 442 ἐνὶ
1465 374 1661 461 φρεσὶ
1706 376 1944 461 βάλλεο
1992 385 2212 462 σῇσιν·

355 478 473 566 ἥδε
521 484 604 566 δὴ
653 481 786 564 ἠὼς
830 476 957 546 εἶσι
1006 482 1427 565 δυσώνυμος,
1471 483 1514 564 ή
1560 477 1624 564 μ’
1674 478 1986 564 Ὀδυσῆος
2105 553 2108 557 ,

355 594 544 653 οἴκου
592 586 977 672 ἀποσχήσει·
1024 596 1154 652 νῦν
1201 587 1326 670 γὰρ
1372 588 1728 669 καταθήσω
1774 587 2056 670 ἄεθλον,

353 696 507 769 τοὺς
551 691 891 774 πελέκεας,
942 694 1098 768 τοὺς
1141 702 1361 767 κεῖνος
1405 688 1506 757 ε’νὶ
1554 692 1940 777 μεγάροισιν
1989 689 2198 758 ἑοῖσιν

36 780 296 872 moute
353 795 603 882 ἵστασχ’
656 794 891 879 ἑξείης,
937 797 1265 884 δριζόχους
1311 796 1434 879 ὥς,
1481 797 1738 861 δώδεκα
1783 796 2054 874 πάντας·

246 922 325 963 575
356 903 510 979 στὰς
554 896 615 966 δ’
659 902 695 965 ὅ
742 924 816 984 γε
861 903 1111 966 πολλὸν
1155 902 1403 966 ἄνευθε
1452 901 1974 986 διαρρίπτασκεν
2009 902 2253 967 ὀιστόν.

352 1017 481 1072 νῦν
527 1003 602 1072 δὲ
646 1009 1128 1091 μνηστήρεσσιν
1173 1007 1425 1072 ἄεθλον
1470 1015 1722 1072 τοῦτον·
1756 1006 2007 1091 ἐφήσω·

355 1111 426 1188 ὃς
471 1110 552 1176 δέ
591 1135 660 1177 κε
709 1109 952 1195 ρηίτατ’
1002 1111 1326 1199 ἐντανύσῃ
1373 1114 1525 1195 βιὸν
1573 1111 1645 1177 ἐν
1690 1113 2027 1197 παλάμῃσι

352 1215 462 1282 καὶ
508 1217 883 1303 διοϊστεύσῃ
929 1215 1255 1282 πελέκεων
1303 1218 1703 1292 δυοκαίδεκα
1746 1218 2047 1302 πάντων,

354 1330 443 1410 τῷ
490 1345 604 1387 κεν
650 1320 762 1406 ἅμ’
806 1320 1128 1407 ἑσποίμην
1175 1322 1672 1408 νοσφισσαμένη
1720 1324 1870 1389 τόδε
1918 1325 2106 1408 δῶμα

249 1447 330 1488 580
356 1413 735 1523 κουρίδιον,
780 1429 953 1512 μάλα
997 1432 1236 1513 καλόν,
1283 1428 1613 1495 ἐνίπλειον
1659 1432 1943 1513 βιότοιο,
1968 1445 2119 1536 ‘vm‘
2142 1414 2376 1480 ΜΔ*

355 1543 475 1620 τοῦ
520 1554 699 1628 ποτε,
723 1538 1178 1618 μεμνήσεσθαι
1224 1535 1448 1618 ὀίομαι
1494 1536 1567 1599 ἐν
1612 1555 1734 1614 περ
1782 1534 2082 1622 ὀνείρω.“

445 1639 567 1722 τὴν
606 1636 664 1702 δ’
711 1639 1234 1724 ἀπαμειβόμενος
1267 1637 1567 1723 προσέφη
1604 1640 1965 1722 πολύμητις
1994 1637 2374 1714 Ὀδυσσεύς·

447 1739 541 1826 ,,ὦ
590 1744 789 1825 γύναι
835 1745 1054 1827 αἰδοίη
1101 1744 1523 1830 Λαερτιάδεω
1564 1739 1908 1826 Ὀδυσῆος,

357 1844 582 1932 μηκέτι
627 1858 756 1913 νῦν
803 1847 1130 1932 ἀνάβαλλε
1180 1848 1410 1930 δόμοις
1455 1849 1556 1912 ἔνι
1601 1856 1838 1912 τοῦτον
1884 1848 2160 1912 ἄεθλον·

249 1972 329 2015 585
355 1951 515 2037 πρὶν
560 1953 685 2038 γάρ
731 1975 834 2017 τοι
879 1954 1241 2035 πολύμητις
1287 1951 1622 2017 ἐλεύσεται
1668 1950 1897 2017 ἐνθάδ’
1945 1949 2329 2036 Ὀδυσσεύς,

354 2055 512 2142 πρὶν
558 2057 833 2133 τούτους
878 2058 1028 2123 τόδε
1076 2057 1280 2135 τόξον-
1314 2056 1548 2135 ἐύξοον
1595 2056 2086 2143 ἀμφαφόωντας

264 2204 268 2208 ,
355 2163 602 2247 νευρήν
649 2155 713 2255 τ’.
750 2160 1101 2228 ἐντανύσαι
1149 2164 1562 2255 διοϊστεῦσαί
1600 2186 1668 2228 τε
1716 2164 2060 2250 σιδήρου.“

442 2268 559 2332 τὸν
606 2264 669 2332 δ’
717 2262 872 2333 αὖτε
916 2266 1262 2354 προσέειπε
1306 2272 1651 2355 περίφρων
1697 2271 2144 2352 Πηνελόπεια·

446 2380 559 2457 ,,εἰ’
595 2370 653 2438 κ’
699 2372 957 2450 ἐθέλοις
1002 2399 1148 2458 μοι,
1194 2373 1399 2458 ξεῖνε,
1443 2378 1818 2460 παρήμενος
1864 2374 1937 2462 ἐν
1983 2376 2327 2461 μεγάροισι

249 2499 328 2539 590
355 2477 651 2565 τέρπειν,
699 2480 780 2544 οὔ
828 2478 906 2544 κέ
947 2502 1060 2562 μοι
1104 2480 1312 2555 ὕπνος
1359 2477 1465 2544 ἐπὶ
1510 2480 1902 2564 βλεφάροισι
1947 2483 2203 2564 χυθείη.

358 2579 501 2647 ἀλλ’
548 2582 630 2648 οὐ
676 2584 801 2668 γάρ
847 2605 986 2659 πως
1032 2582 1211 2649 ἐστιν
1259 2583 1553 2658 ἀύπνους
1599 2586 1870 2666 ἔμμεναι
1916 2580 2058 2647 αἰὲν

359 2686 785 2769 ἀνθρώπους·
835 2686 940 2751 ἐπὶ
985 2687 1111 2773 γάρ
1156 2708 1260 2751 τοι
1307 2685 1555 2774 ἑκάστω
1601 2698 1843 2772 μοῖραν
1889 2689 2141 2770 ἔθηκαν
2219 2677 2461 2762 (tuas)

358 2790 685 2856 ἀθάνατοι
732 2797 1084 2874 θνητοῖσιν
1133 2789 1239 2856 ἐπὶ
1288 2777 1600 2876 ζείδωᾙὸν
1645 2792 1959 2877 ἄρουραν.

358 2892 501 2961 ἀλλ’
546 2897 693 2978 ἤτοι
739 2892 859 2980 μὲν
908 2894 1079 2979 ἐγὼν
1123 2896 1455 2980 ὑπερώιον
1500 2899 1905 2980 εἰσαναβᾶσα

249 3022 331 3064 595
357 3000 625 3087 λέξομαι
670 3003 765 3078 εἰς
809 3000 1044 3084 εὐνήν,
1089 3001 1130 3084 ή
1179 3024 1291 3084 μοι
1338 3004 1699 3067 στονόεσσα
1743 3001 2075 3088 τέτυκται,

357 3109 487 3173 αἰεὶ
534 3103 807 3193 δάκρυσ’
855 3105 1068 3190 ἐμοῖσι
1112 3104 1530 3193 πεφυρμένη,
1578 3105 1642 3185 ἐξ
1691 3102 1774 3173 οὗ
1813 3104 2165 3186 Ὀδυσσεὺς

359 3209 542 3300 ᾤχετ’
592 3211 998 3295 ἐποψόμενος
1042 3213 1440 3296 Κακοΐλιον,
1486 3211 1609 3279 οὐκ
1655 3212 2049 3296 ὀνομαστήν.

357 3316 528 3381 ἔνθά
571 3340 644 3382 κε
690 3316 1028 3402 λεξαίμην·
1078 3320 1162 3382 σὺ
1210 3313 1284 3383 δὲ
1331 3317 1512 3396 λέξεο
1558 3315 1717 3404 τῷδ’
1760 3314 1862 3382 ἐνὶ
1910 3324 2103 3407 οἴκῳ,

357 3419 399 3503 ἢ
444 3421 720 3504 χαμάδις
766 3418 1077 3509 στορέσας
1121 3424 1266 3505 ἤτοι
1311 3424 1475 3488 κατὰ
1523 3419 1757 3505 δέμνια
1800 3421 2127 3506 θέντων.“
2265 3425 2491 3550 (ὠνὴ

251 3547 331 3586 eoo
448 3523 535 3599 ὣς
579 3524 833 3591 εἰποῦσ’
879 3521 1172 3607 ἀνέβαιν’
1215 3527 1511 3613 ὑπερώια
1558 3530 1979 3614 σιγαλόεντα,
