2650 3909
693 246 726 280 τ
759 228 873 296 (19)
905 225 1209 290 Ὀδυσσέως
1244 226 1343 282 καὶ
1380 226 1709 296 Πηνελόπης
1747 228 1948 298 ὁμιλία.
2236 227 2321 291 99

324 384 703 472 Τηλέμαχον
747 388 1121 480 θαύμαζον,
1166 387 1203 453 ὃ
1247 385 1632 473 θαρσαλέως
1677 387 1970 473 ἀγόρευε.

208 518 289 557 412
315 502 529 555 τοῖσιν
576 490 635 555 δ’
684 490 1084 576 Ἀμφίνομος
1128 491 1497 579 ἀγορήσατο
1543 492 1653 558 καὶ
1703 490 2034 576 μετέειπεν
2045 512 2085 566 ζ

14 599 17 634 ³
81 649 88 656 .
209 625 289 664 414
407 591 502 678 „AE
548 599 765 680 φίλοι,
811 596 932 662 οὐκ
976 597 1058 662 ἂν
1107 599 1190 682 δή
1235 621 1334 674 τις
1378 595 1485 663 ἐπὶ
1531 596 1806 683 ῥηθέντι
1852 598 2082 686 δικαίῳ

209 729 288 770 415
316 700 634 796 ἀντιβίοις
679 698 934 790 ἐπέεσσι
978 706 1479 787 καθαπτόμενος
1521 704 1923 789 χαλεπαίνοι.

316 803 482 891 μήτέ
520 830 584 871 τι
627 809 744 873 τὸν
789 805 1009 884 ξεῖνον
1057 812 1467 910 στυψίζετε
1514 807 1680 898 μήτέ
1718 804 1843 872 τιν’
1895 808 2104 872 ἄλλον
2170 800 2500 890 Maura

317 911 592 994 δμώων,
637 914 707 977 οἳ
745 913 908 977 κατὰ
953 910 1198 998 δώματ’
1241 895 1599 997 Ὀδυσσῆος
1642 916 1878 978 θείοιο.

316 1013 458 1081 ἀλλ’
504 1011 731 1102 ἄγετ’»
756 1020 1057 1103 οἰνοχόος
1101 1013 1224 1111 μὲν
1269 1018 1662 1111 ἐπαρξάσθω
1709 1017 2100 1098 δεπάεσσιν,

317 1123 492 1207 ὄφρα
538 1126 918 1198 σπείσαντες
960 1127 1387 1207 κατακείομεν
1432 1121 1642 1189 οἴκαδ’
1691 1125 1924 1199 ἰόντες·

211 1254 290 1294 420
318 1227 436 1291 τὸν
481 1224 701 1303 ξεῖνον
748 1222 822 1289 δὲ
869 1225 1076 1308 ἐῶμεν
1124 1225 1223 1291 ἐνὶ
1269 1227 1579 1312 μεγάροις
1616 1225 1932 1310 Ὀδυσῆος

327 1331 678 1418 Τηλεμάχῳ
725 1327 1026 1413 μελέμεν·
1072 1340 1191 1395 τοῦ
1237 1332 1363 1414 γὰρ
1408 1336 1608 1414 φίλον
1652 1332 1827 1396 ἵκετο
1874 1332 2128 1415 δῶμα.“”

407 1434 496 1511 ὣς
539 1435 742 1519 φάτο,
786 1446 958 1499 τοῖσι
1005 1431 1079 1499 δὲ
1122 1444 1325 1499 πᾶσιν
1372 1433 1609 1501 ἑαδότα
1654 1442 1877 1518 μῦθον
1922 1438 2109 1499 ἔειπε.

316 1550 530 1604 τοῖσιν
576 1535 651 1604 δὲ
696 1548 986 1624 κρητῆρα
1031 1539 1393 1625 κεράσσατο
1439 1541 1743 1616 Μούλιος
1784 1540 1989 1625 ἥρως,

315 1643 518 1728 κῆρυξ
566 1644 989 1728 Δουλιχιεύς·
1034 1643 1352 1728 θεράπων
1398 1640 1458 1708 δ’
1503 1638 1588 1728 ἦν
1627 1641 2082 1728 Ἀμφινόμοιο·

209 1775 290 1818 425
316 1750 624 1834 νώμησεν
669 1742 732 1814 δ’
774 1751 902 1834 ἄρα
946 1752 1149 1813 πᾶσιν
1196 1747 1565 1814 ἐπισταδόν.
1656 1750 1727 1814 οἰ
1768 1744 1841 1813 δὲ
1884 1756 2103 1814 θεοῖσι

317 1858 658 1932 λείψαντες
702 1854 1061 1939 μακάρεσσι
1107 1856 1263 1919 πιόν
1309 1852 1620 1938 μελιηδέα
1668 1848 1872 1920 οἶνον.

316 1959 524 2042 αὐτὰρ
571 1957 710 2024 ἐπεὶ
758 1959 1034 2025 σπεῖσάν
1077 1981 1147 2023 τε
1192 1962 1348 2024 πίον
1395 1956 1467 2024 θ’
1510 1960 1671 2024 ὅσον
1715 1960 1917 2042 ἤθελε
1961 1964 2208 2045 θυμός,

313 2063 444 2146 βάν
489 2061 550 2148 ῤ’
598 2069 816 2147 ἴμεναι
860 2068 1151 2140 κείοντες
1197 2060 1273 2128 ἑὰ
1317 2066 1482 2149 πρὸς
1527 2062 1785 2148 δώμαθ’
1830 2062 2114 2141 ἕκαστος.

1106 2282 1175 2290 ..-

939 2434 1525 2509 ΟΔΤΣΣΕΙΑΣ
1578 2436 1668 2509 Τ.

403 2587 631 2673 Αὐτὰρ
680 2588 717 2653 ὁ
764 2587 838 2653 έν
883 2588 1146 2677 μεγάρῳ
1192 2588 1578 2654 ὑπελείπετο
1624 2589 1767 2665 δῖος
1805 2585 2154 2667 Ὀδυσσεὺς

313 2694 760 2778 μνηστήρεσσι
805 2697 1020 2777 φόνον
1067 2695 1195 2758 σὺν
1233 2690 1484 2779 Ἀθήνῃ
1530 2697 1959 2780 μερμηρίζων.

313 2791 476 2875 αἶψα
522 2794 597 2862 δὲ
652 2796 1029 2884 Τηλέμαχον
1075 2801 1232 2864 ἔπεα
1275 2802 1632 2885 πτερόεντα
1676 2801 2046 2886 προσηύδα·

404 2950 444 2985 ,,
455 2902 818 2987 Τηλέμαχε,
867 2905 990 2988 χρὴ
1037 2901 1243 2987 τεύχε’
1291 2901 1517 2988 Ἀρήια
1561 2903 1889 2988 κατθέμεν
1934 2911 2091 2970 εἴσω

259 3028 285 3068 5
311 3006 525 3072 πάντα
570 3004 749 3090 μάλ’,
794 3006 1000 3092 αὐτὰρ
1047 3017 1421 3092 μνηστῆρας
1467 3013 1783 3091 μαλακοῖς
1827 3007 2083 3073 ἐπέεσσι

311 3113 737 3196 παρφάσθαι,
782 3110 889 3176 ὅτε
936 3108 1051 3175 κέν
1099 3128 1170 3176 σε
1218 3117 1626 3196 μεταλλῶσιν
1670 3110 2052 3188 ποθέοντες·

313 3216 408 3281 εἐκ
451 3226 708 3283 καπνοῦ
754 3212 1091 3299 κατέθηκ’,
1135 3215 1276 3281 ἐπεὶ
1322 3215 1541 3282 οὐκέτι
1586 3228 1799 3282 τοῖσιν
1846 3214 2033 3303 ἐῴκει

313 3312 421 3385 οἷά
465 3340 621 3386 ποτε
677 3325 922 3406 Τροίην
969 3317 1043 3385 δὲ
1089 3321 1254 3386 κιὼν
1304 3318 1698 3386 κατέλειπεν
1721 3316 2102 3405 Ὀδυσσεύς,

312 3422 479 3488 ἀλλὰ
524 3424 901 3510 κατῄκισται
916 3474 936 3509 ,
982 3425 1186 3492 ὅσσον
1232 3429 1439 3513 πυρὸς
1483 3424 1640 3491 ἵκετ’
1681 3425 1912 3511 ἀυτμή.

232 3553 284 3594 10
312 3531 477 3614 πρὸς
523 3521 583 3593 δ’
629 3532 724 3595 ἔτι
770 3530 880 3597 καὶ
916 3534 1066 3597 τόδε
1104 3536 1325 3617 μεῖζον
1365 3531 1465 3598 ἐνὶ
1499 3530 1736 3619 φρεσὶν
1775 3536 2013 3618 ἔμβαλε
2049 3535 2329 3618 δαίμων,

1828 3640 1900 3690 7*
