2650 3909
545 206 550 210 -
651 253 682 287 τ
718 236 832 303 (19)
864 231 1168 297 Ὀδυσσέως
1204 233 1301 288 καὶ
1338 232 1668 303 Πηνελόπης
1704 234 1905 305 ὁμιλία.
2154 231 2278 296 109

243 390 410 459 ἀλλ’
457 391 569 477 ἐμὲ
613 391 772 480 πρὶν
817 393 1179 478 ἀπέπεμψε·
1226 395 1469 478 τύχησε
1515 395 1640 477 γὰρ
1688 392 2006 479 ἐρχομένη
2052 402 2218 478 νηῦς

269 498 536 583 ἀνδρῶν
585 502 998 580 Θεσπρωτῶν
1044 498 1112 576 ἐς
1155 503 1522 583 Δουλίχιον
1566 500 1969 584 πολύπυρον.

268 608 384 669 καί
423 628 537 689 μοι
580 603 846 688 κτήματ’
891 604 1168 688 ἔδειξεν,
1215 604 1340 668 ὅσα
1385 602 1794 687 ξυναγείρατ’
1841 601 2212 681 Ὀδυσσεύς·
2362 658 2426 710 ῃ

267 712 384 774 καί
420 711 506 774 νύ
551 733 668 775 κεν
714 708 780 787 ἐς
824 710 1103 792 δεκάτην
1146 710 1389 793 γενεὴν
1433 709 1661 798 ἕτερόν
1706 707 1766 792 γ’
1814 712 1908 774 ἔτι
1952 712 2212 792 βόσκοι·
2281 680 2590 874 w

159 836 240 876 295
270 814 474 880 τόσσά
519 816 590 880 οἰ
632 814 704 880 ἐν
751 816 1064 901 μεγάροις
1106 817 1408 897 κειμήλια
1453 824 1628 879 κεῖτο
1672 815 1965 890 ἄνακτος.

268 920 387 984 τὸν
432 915 493 984 δ’
541 918 608 995 ἐς
652 921 1001 1003 Δωδώνην
1046 919 1218 1003 φάτο
1263 920 1574 1002 βήμεναι,
1620 921 1799 1003 ὄφρα
1841 925 2095 985 θεοῖο·-

268 1022 341 1088 ἐκ
386 1025 588 1110 δρυὸς
632 1024 987 1108 ὑψικόμοιο
1015 1023 1202 1113 {Ache
1245 1025 1499 1108 βουλὴν
1546 1022 1908 1108 ἐπακούσῃ,

269 1129 494 1206 ὅππως
537 1132 877 1211 νοστήσειε
924 1133 1129 1213 φίλην
1177 1128 1244 1205 ἐς
1285 1130 1570 1213 πατρίδα
1615 1139 1810 1211 γαῖαν

267 1236 396 1318 ἤδη
444 1236 572 1318 δὴν
618 1234 871 1317 ἀπεών,
917 1235 958 1318 ἢ
1004 1234 1314 1318 ἀμφαδὸν
1359 1228 1437 1317 ἦε
1482 1235 1850 1319 κρυφηδόν.

161 1362 242 1402 300
270 1338 358 1416 ὣς
404 1339 440 1405 ὁ
488 1336 610 1422 μὲν
656 1339 865 1416 οὕτως
911 1338 1047 1403 ἐστὶ
1095 1341 1249 1414 σόος
1293 1335 1404 1401 καὶ
1450 1336 1782 1403 ἐλεύσεται
1826 1339 1954 1420 ἥδη

268 1446 421 1529 ἄγχι
468 1440 651 1527 μάλ’,
696 1439 841 1508 οὐδ’
888 1445 983 1507 ἔτι
1027 1447 1181 1525 τῆλε
1226 1446 1445 1526 φίλων
1489 1440 1601 1506 καὶ
1644 1443 1960 1525 πατρίδος
2004 1448 2149 1524 αἴης

270 1551 479 1633 δηρὸν
524 1548 925 1613 ἀπεσσεῖται·
973 1549 1178 1631 ἔμπης
1221 1545 1302 1611 δέ
1343 1570 1446 1612 τοι
1491 1547 1684 1633 ὅρκια
1730 1546 1940 1611 δώσω.

273 1661 429 1720 ἴστω
475 1663 605 1719 νῦν
655 1656 822 1730 Ζεὺς
865 1663 1122 1739 πρῶτα,
1166 1658 1350 1717 θεῶν
1393 1652 1638 1728 ὕπατος
1683 1649 1791 1716 καὶ
1835 1651 2131 1734 ἄριστος,

273 1763 442 1845 ἱστίη
487 1757 542 1824 τ’
593 1755 909 1842 Ὀδυσῆος
953 1757 1321 1843 ἀμύμονος,
1366 1758 1453 1840 ἣν
1498 1757 1827 1842 ἀφικάνω·

163 1861 311 1948 30ῡῆ
356 1865 479 1949 μέν
526 1887 628 1930 τοι
675 1865 829 1929 τάδε
873 1864 1087 1928 πάντα
1133 1867 1446 1928 τελείεται
1492 1863 1581 1940 ὡς
1624 1861 1941 1948 ἀγορεύω.

167 1964 170 1969 ’
272 1969 454 2036 τοῦδ’
495 1970 701 2035 αὐτοῦ
747 1969 1157 2072 λυκάβαντος
1202 1967 1537 2033 ἐλεύσεται
1583 1960 1816 2033 ἐνθάδ’
1863 1964 2242 2050 Ὀδυσσεύς,
2287 1983 2393 2086 *Yt-

272 2085 391 2140 τοῦ
436 2071 559 2158 μὲν
604 2079 970 2159 φθίνοντος
1015 2077 1253 2157 μηνός,
1296 2084 1420 2138 τοῦ
1467 2072 1527 2138 δ’
1575 2071 2011 2156 ίσταμένοιο.“

360 2180 477 2244 τὸν
525 2176 585 2243 δ’
636 2174 791 2242 αὖτε
836 2169 1182 2261 προσέειπε
1226 2180 1569 2263 περίφρων
1616 2181 2059 2260 Πηνελόπεια·

364 2284 481 2367 „at
521 2284 646 2366 γὰρ
692 2292 923 2364 τοῦτο,
967 2280 1170 2359 ξεῖνε,
1216 2284 1371 2358 ἔπος
1414 2280 1874 2364 τετελεσμένον
1918 2289 2048 2365 εἴη·

168 2413 247 2452 810
275 2399 364 2454 τῶ
411 2411 484 2452 κε
531 2388 693 2472 τάχα
738 2390 967 2469 γνοίης
1010 2386 1329 2470 φιλότητά
1375 2408 1443 2449 τε
1489 2386 1702 2450 πολλά
1746 2409 1815 2450 τε
1863 2388 2044 2469 δῶρα

276 2492 341 2571 ἐξ
389 2492 545 2577 ἐμεῦ
560 2542 579 2576 ,
625 2493 713 2569 ὡς
758 2493 842 2556 ἄν
887 2494 984 2567 τίς
1029 2506 1102 2555 σε
1150 2493 1638 2573 συναντόμενος
1681 2493 2041 2574 μακαρίζοι.

275 2598 442 2665 ἀλλά
488 2623 600 2683 μοι
647 2592 759 2663 ὧδ’
813 2596 940 2662 ἀνὰ
984 2598 1210 2680 θυμὸν
1256 2595 1492 2679 ὀίεται,
1538 2596 1627 2672 ὡς
1671 2598 1890 2660 ἔσεταί
1926 2616 2075 2678 περ·
2140 2570 2495 2673 (Μ’-Μ’]

276 2701 413 2771 οὔτ’
461 2701 775 2780 Ὀδυσεὺς
820 2705 915 2768 ἔτι
960 2698 1147 2768 οἷκον
1194 2700 1529 2766 ἐλεύσεται
1575 2702 1727 2767 οὔτε
1775 2704 1859 2767 σὺ
1904 2711 2164 2785 πομπῆς

276 2810 502 2896 τεύξῃ,
548 2806 816 2903 54⁸}ssss
858 2818 1028 2873 τοῖοι
1075 2804 1481 2893 σημάντορές
1524 2803 1645 2872 είσ’
1692 2804 1792 2872 ἐνὶ
1839 2813 2032 2894 οἴκῳ,
2118 2804 2425 2882 (γυναῖκα

172 2938 250 2977 315
278 2907 417 2991 οἶος
451 2911 807 2989 Ὀδυσσεὺς
853 2915 997 2978 ἔσκε
1043 2909 1177 2995 μετ’
1226 2911 1584 2994 ἀνδράσιν,
1629 2918 1698 2976 εἴ
1732 2909 1878 2976 ποτ’
1920 2915 2037 2995 ἔην
2082 2937 2189 2996 γε,

278 3020 534 3099 ξείνους
579 3021 875 3094 αἰδοίους
919 3015 1383 3101 ἀποπεμπέμεν
1427 3012 1547 3099 ἠδὲ
1595 3015 1925 3100 δέχεσθαι.

277 3124 445 3190 ἀλλά
489 3148 638 3207 μιν,
683 3122 1079 3206 ἀμφίπολοι,
1123 3119 1522 3204 ἀπονίψατε,
1567 3121 1839 3185 κάτθετε
1887 3117 1947 3185 δ’
1993 3120 2227 3203 εὐνήν,

29 3220 515 3318 Ειὼῖῑῖαὒδέμνια
560 3226 671 3293 καὶ
714 3229 985 3313 χλαίνας
1029 3223 1140 3290 καὶ
1186 3225 1391 3311 ῥήγεα
1438 3227 1857 3307 σιγαλόεντα,
2074 3304 2087 3315 .

282 3334 370 3410 ὥς
414 3332 472 3398 κ’
518 3328 597 3399 εὖ
640 3335 987 3426 θαλπιόων
1033 3334 1501 3416 χρυσόθρονον
1541 3328 1674 3394 Ἠῶ
1721 3331 1953 3412 ἵκηται.
2022 3320 2188 3434 Q
2213 3369 2423 3407 mm

177 3461 254 3500 320
279 3438 506 3521 ἠῶθεν
551 3432 626 3501 δὲ
673 3433 824 3520 μάλ’
867 3431 979 3520 ἦρι
1026 3434 1300 3501 λοέσσαί
1337 3459 1405 3500 τε
1453 3438 1679 3521 χρῖσαί
1714 3458 1818 3516 τε,

282 3544 370 3619 ὥς
415 3537 471 3607 κ’
520 3543 719 3607 ἔνδον
763 3542 939 3627 παρὰ
994 3541 1350 3629 Τηλεμάχῳ
1397 3542 1692 3606 δείπνοιο
1739 3538 2011 3624 μέδηται
