2650 3909
339 226 467 290 124
787 248 822 279 υ
860 229 972 296 «20)
1008 225 1080 280 τὰ
1115 227 1225 294 πρὸ
1260 234 1359 295 τῆς
1394 230 1896 297 μνηστηροφονίας.

422 384 753 470 ,,ἀγρεῖθ’,
799 388 874 451 αἰ
913 383 1034 470 μὲν
1080 389 1266 471 δῶμα
1314 389 1634 471 κορήσατε
1679 389 2123 460 ποιπνύσασαι

19 468 305 580 (spumam
333 488 622 575 ῥάσσατέ
660 487 720 570 τ’
767 492 840 555 ἔν
886 514 955 555 τε
999 495 1277 576 θρόνοις
1322 492 1729 576 εὐποιήτοισι
1774 493 2057 575 τάπητας

331 595 606 678 βάλλετε
649 594 1099 681 πορφυρέους·
1147 597 1222 660 αἰ
1262 593 1336 661 δὲ
1382 599 1728 680 σπόγγοισι
1773 597 2086 681 τραπέζας

331 699 543 777 πάσας
587 699 1097 784 ἀμφιμάσασθε,
1141 706 1474 787 καθήρατε
1523 699 1597 767 δὲ
1640 711 1967 788 κρητῆρας

331 802 441 870 καὶ
489 803 655 870 δέπα
700 805 1161 891 ἀμφικύπελλα
1205 805 1591 891 τετυγμένα·
1637 804 1744 872 ταὶ
1790 803 1865 871 δὲ
1911 804 2064 891 μεθ’
2106 808 2289 889 ὕδωρ

333 912 608 995 ἔρχεσθε
655 913 909 995 κρήνην
957 909 1062 994 δέ,
1106 909 1217 976 καὶ
1263 917 1471 976 οἴσετε
1519 918 1778 977 θᾶσσον
1826 913 2063 978 ἰοῦσαι.

228 1037 305 1077 155
333 1015 415 1079 οὐ
461 1017 587 1099 γὰρ
634 1016 761 1099 δὴν
806 1025 1173 1100 μνηστῆρες
1217 1015 1614 1082 ἀπέσσονται
1659 1017 2004 1101 μεγάροιο,

333 1118 499 1185 ἀλλὰ
545 1116 696 1203 μάλ’
740 1115 854 1205 ἦρι
898 1119 1194 1204 νέονται,
1241 1120 1381 1186 ἐπεὶ
1426 1118 1536 1185 καὶ
1581 1130 1784 1185 πᾶσιν
1830 1119 2085 1207 ἑορτή.“

422 1223 510 1300 ὣς
547 1220 779 1308 ἔφαθ’,
816 1226 892 1289 αἱ
921 1223 983 1290 δ’
1017 1227 1145 1308 ἄρα
1172 1235 1285 1309 τῆς
1311 1226 1487 1309 μάλα
1515 1222 1636 1309 μὲν
1664 1227 1870 1291 κλύον
1897 1225 2017 1310 ἠδὲ
2043 1231 2346 1292 πίθοντο.

219 1386 222 1389 ,
332 1330 406 1393 αἰ
445 1325 568 1413 μὲν
615 1328 856 1395 ἐείκοσι
901 1334 1115 1414 βῆσαν
1162 1327 1268 1395 ε’πὶ
1312 1331 1568 1414 κρήνην
1612 1330 2060 1417 μελάνυδρον,

332 1436 407 1499 αἰ
447 1432 506 1499 δ’
555 1434 759 1501 αὐτοῦ
804 1435 966 1500 κατὰ
1014 1433 1253 1519 δώματ’
1302 1433 1745 1519 ἐπισταμένως
1788 1434 2127 1502 πονέοντο.

225 1563 305 1603 160
422 1539 488 1616 ἐς
535 1537 594 1605 δ’
637 1535 856 1623 ἦλθον
904 1542 1261 1625 δρηστῆρες
1305 1539 1643 1625 ἀγήνορες.
1733 1542 1805 1606 οἰ
1842 1537 1963 1625 μὲν
2010 1544 2226 1607 ἔπειτα

332 1640 409 1710 εὖ
455 1643 565 1710 καὶ
612 1642 1054 1730 ἐπισταμένως
1098 1643 1343 1711 κέασαν
1391 1645 1585 1729 ξύλα,
1629 1643 1737 1710 ταὶ
1783 1642 1856 1728 δὲ
1900 1657 2208 1729 γυναῖκες

331 1745 549 1833 ἦλθον
595 1749 723 1816 ἀπὸ
768 1753 1034 1836 κρήνης.
1127 1749 1231 1814 ἐπὶ
1279 1749 1361 1815 δέ
1401 1766 1632 1833 σφισιν
1676 1745 1845 1833 ἦλθε
1893 1752 2189 1835 συβώτης

20 1859 155 1936 mm
193 1855 506 1941 [rwvscpel'g
550 1857 820 1945 σιάλους
861 1856 1196 1940 κατάγων,
1242 1859 1312 1920 οἳ
1354 1857 1513 1920 ἔσαν
1558 1855 1717 1938 μετὰ
1761 1863 1964 1920 πᾶσιν
2008 1856 2282 1940 ἄριστοι.

24 1939 49 1974 ⁸⁴
331 1958 442 2025 καὶ
488 1963 643 2037 τοὺς
686 1958 809 2045 μέν
857 1958 918 2045 ῥ’
962 1966 1140 2025 εἴασε
1184 1955 1340 2024 καθ’
1385 1958 1576 2043 ἕρκεα
1620 1959 1786 2024 καλὰ
1831 1958 2183 2043 νέμεσθαι,

230 2087 306 2128 165
335 2065 531 2142 αὐτὸς
577 2062 636 2130 δ’
684 2060 826 2130 αὖτ’
872 2063 1158 2149 Ὀδυσῆα
1202 2065 1548 2148 προσηύδα
1592 2067 1992 2149 μειλιχίοισι·
2223 2053 2232 2062 ’

424 2167 658 2254 ,,ξεῖν’,
702 2165 744 2253 ἧ
792 2172 874 2253 ἄρ
920 2173 989 2235 τί
1029 2187 1101 2235 σε
1149 2175 1403 2253 μᾶλλον
1441 2164 1687 2254 ’Λχαιοὶ
1733 2171 2154 2255 εἰσορόωσιν,

333 2270 416 2359 ἦέ
457 2274 515 2341 σ’
562 2275 945 2360 ἀτιμάζουσι
990 2276 1154 2341 κατὰ
1199 2272 1428 2360 μέγαρ’
1471 2276 1560 2351 ὡς
1604 2276 1678 2341 τὸ
1723 2275 1931 2360 πάρος
1972 2296 2094 2360 περ
2107 2276 2169 2351 ;“

422 2384 539 2448 τὸν
578 2378 637 2447 δ’
684 2380 1206 2466 ἀπαμειβόμενος
1240 2380 1539 2467 προσέφη
1578 2381 1940 2464 πολύμητις
1971 2378 2346 2458 Ὀδυσσεύς·

426 2489 543 2571 „oct
582 2488 708 2571 γὰρ
756 2488 870 2569 δή,
915 2487 1200 2570 Εὔμαιε,
1246 2484 1397 2551 θεοὶ
1441 2489 1734 2551 τισαίατο
1781 2486 2036 2568 λώβην,

230 2615 308 2655 170
335 2590 421 2675 ἣν
467 2583 575 2656 οἶδ
581 2589 597 2615 ’
637 2592 1014 2679 ὑβρίζοντες
1058 2590 1403 2654 ἀτάσθαλα
1447 2594 1908 2674 μηχανόωνται

336 2702 495 2782 οἴκῳ
543 2694 616 2760 ἐν
661 2693 1017 2779 ἀλλοτρίῳ,
1063 2690 1208 2757 οὐδ’
1256 2695 1488 2769 αἰδοῦς
1530 2704 1771 2776 μοῖραν
1817 2693 2146 2776 ἔχουσιν.“

424 2798 512 2873 ὣς
556 2798 629 2862 οἰ
666 2794 788 2881 μὲν
834 2804 1102 2874 τοιαῦτα
1147 2797 1311 2880 πρὸς
1356 2794 1682 2877 ἀλλήλους
1726 2793 2082 2878 ἀγόρευον,

335 2903 696 2987 ἀγχίμολον
743 2899 821 2965 δέ
861 2898 975 2984 σφ’
1017 2895 1186 2984 ἦλθε
1232 2901 1652 2982 Μελάνθιος,
1698 2902 1969 2977 αἰπόλος
2014 2903 2250 2986 αἰγῶν,

336 3003 524 3092 αἶγας
568 3008 782 3091 ἄγων,
828 3009 902 3071 αἳ
939 3015 1113 3098 πᾶσι
1144 3004 1546 3092 μετέπρεπον
1593 3007 1982 3088 αἰπολίοισι,

232 3137 309 3177 175
338 3115 611 3179 δεῖπνον
657 3115 1123 3197 μνηστήρεσσι·
1170 3113 1310 3176 δύω
1358 3108 1419 3176 δ’
1463 3107 1571 3194 ἅμ’
1619 3109 1854 3177 ἕποντο
1901 3121 2155 3195 νομῆες.

336 3216 446 3284 καὶ
489 3219 606 3294 τὰς
649 3215 771 3301 μὲν
814 3215 1180 3300 κατέδησαν
1224 3214 1336 3281 ὑπ’
1387 3217 1676 3301 αἰθούσῃ
1725 3215 2084 3305 ἐριδούπῳ,

337 3325 536 3399 αὐτὸς
579 3321 639 3388 δ’
687 3319 828 3388 αὖτ’
875 3321 1163 3407 Ὀδυσῆα
1204 3322 1550 3408 προσηύδα
1594 3324 2021 3405 κερτομίοισι·

427 3426 660 3512 ,,ξεῖν’,
707 3432 800 3494 ἔτι
845 3427 955 3494 καὶ
999 3439 1127 3494 νῦν
1174 3424 1407 3494 ἐνθάδ’
1451 3426 1742 3509 ἀνιήσεις
1785 3427 1948 3491 κατὰ
1993 3429 2179 3512 δῶμα

338 3529 579 3618 ἀνέρας
623 3534 915 3616 αἰτίζων,
960 3532 1123 3618 ἀτὰρ
1170 3533 1293 3598 οὐκ
1340 3531 1603 3610 ἔξεισθα
1647 3531 1922 3616 θύραζε;
