2650 3909
358 249 444 313 56
870 267 913 301 π
949 250 1061 318 (16)
1099 248 1522 317 ἀναγνωρισμὸς
1551 245 1870 310 Ὀδυσσέως.

447 404 489 492 ἧ
535 407 647 475 καὶ
690 412 963 495 χρυσείῃ
1010 409 1237 495 ῥάβδῳ
1285 406 1671 491 ἐπεμάσσατ’
1719 405 1989 492 Ἀθήνη.

358 523 571 599 φᾶρος
617 512 739 597 μέν
786 514 856 578 οἰ
895 524 1157 599 πρῶτον
1206 508 1525 587 ἐυπλυνὲς
1569 508 1689 595 ἠδὲ
1733 523 1978 595 χιτῶνα
2187 572 2208 596 ,

355 615 510 701 θῆκ’
554 616 723 703 ἀμφὶ
768 621 1117 702 στήθεσσι,
1164 617 1363 701 δέμας
1410 614 1471 680 δ’
1515 618 1767 709 ὤφελλε
1810 615 1921 681 καὶ
1964 617 2155 701 ἥβην.
2185 600 2574 685 weho-mab

252 744 331 786 175
359 723 451 801 ἂψ
499 720 575 788 δὲ
619 725 1053 807 μελαγχροιὴς
1097 721 1356 805 γένετο,
1400 718 1696 807 γναθμοὶ
1742 718 1818 786 δὲ
1861 722 2230 806 τάνυσθεν,
2299 738 2532 794 (Αωω.

356 828 629 892 κυάνεαι
675 826 737 893 δ’
780 827 1088 910 ἐγένοντο
1136 827 1467 917 γενε-ι-άδες
1511 824 1681 911 ἀμφὶ
1726 824 2002 910 γένειον.

353 935 395 1017 ἡ
443 932 565 1018 μὲν
610 931 713 1018 ἄρ’
761 932 849 1009 ὣς
894 932 1132 1018 ἔρξασα
1177 933 1383 997 πάλιν
1426 935 1598 997 κίεν·
1646 931 1852 1012 αὐτὰρ
1892 930 2243 1009 Ὀδυσσεὺς

354 1031 500 1121 ἤιεν
548 1038 613 1114 ἐς
655 1042 934 1120 κλισίην.
1025 1037 1332 1121 θάμβησε
1381 1036 1460 1101 δέ
1501 1060 1617 1120 μιν
1661 1039 1855 1121 φίλος
1898 1039 2071 1120 υἱός,

355 1146 683 1229 ταρβήσας
728 1139 788 1206 δ’
836 1140 1109 1227 ἑτέρωσε
1157 1140 1308 1242 βάλ’
1354 1145 1645 1226 ὄμματα,
1691 1143 1779 1225 μὴ
1825 1143 1986 1218 θεὸς
2027 1150 2161 1226 εἴη,

252 1271 329 1310 180
356 1251 474 1312 καί
510 1272 625 1331 μιν
670 1248 984 1332 φωνήσας
1029 1250 1185 1312 ἔπεα
1229 1252 1586 1333 πτερόεντα
1631 1249 2002 1334 προσηύδα·

447 1353 753 1438 ,,ἀλλοῖός
797 1376 943 1437 μοι,
990 1350 1192 1437 ξεῖνε,
1242 1354 1460 1438 φάνης
1503 1351 1662 1419 νέον
1707 1350 1784 1437 ἠὲ
1827 1353 2184 1437 πάροιθεν,

357 1461 523 1523 ἄλλα
570 1455 645 1523 δὲ
689 1454 893 1542 εἵματ’
940 1459 1139 1542 ἔχεις,
1184 1462 1301 1522 καί
1340 1481 1443 1523 τοι
1487 1459 1661 1550 χρὼς
1705 1456 1932 1524 οὐκέθ’
1977 1459 2217 1541 ὁμοῖος.

356 1559 397 1645 ἧ
445 1564 618 1647 μάλα
661 1587 760 1639 τις
803 1565 961 1639 θεός
1006 1562 1182 1647 ε’σσι,
1228 1561 1331 1628 τοὶ
1380 1564 1670 1648 οὐρανὸν
1716 1564 1921 1649 εὐρὺν
1966 1565 2248 1646 ἔχουσιν.

358 1664 499 1732 ἀλλ’
545 1666 757 1758 ἵληθ’,
801 1669 914 1732 ’ἵνα
959 1691 1062 1733 τοι
1105 1665 1541 1751 κεχαρισμένα
1588 1668 1848 1750 δώομεν
1898 1667 2006 1749 ἱρὰ

254 1795 329 1835 185
356 1770 476 1856 ἠδὲ
521 1773 765 1856 χρύσεα
813 1773 1024 1856 δῶρα,
1068 1769 1456 1854 τετυγμένα·
1503 1772 1731 1854 φείδεο
1780 1765 1842 1834 δ’
1883 1768 2165 1853 ἡμέων.“

445 1880 562 1942 τὸν
609 1873 668 1940 δ’
714 1873 1000 1959 ἠμείβετ’
1046 1877 1264 1939 ἔπειτα
1308 1875 1639 1949 πολύτλας
1685 1875 1828 1950 δῖος
1866 1872 2246 1970 Ὀδυσσερς·

448 1983 574 2065 ,,οὔ
618 1984 716 2056 τίς
759 2003 863 2044 τοι
906 1983 1065 2055 θεός
1109 1982 1269 2063 είμι·
1318 1983 1388 2044 τί
1427 1976 1493 2062 μ’
1539 1977 1977 2045 ἀθανάτοισιν
2025 1978 2288 2060 έίσκεις;

358 2084 524 2150 ἀλλὰ
568 2087 779 2170 πατὴρ
825 2088 970 2161 τεός
1017 2087 1181 2168 εἰμι,
1227 2093 1348 2149 τοῦ
1394 2084 1614 2148 εἵνεκα
1660 2086 1744 2148 σὺ
1792 2089 2185 2169 στεναχίζων

356 2189 626 2274 πάσχεις
669 2191 872 2272 ἄλγεα
916 2190 1158 2271 πολλά,
1203 2193 1353 2273 βίας
1395 2186 1847 2272 ὑποδέγμενος
1890 2188 2221 2276 ἀνδριῖῑτνὲί

253 2319 331 2358 190
447 2295 534 2370 ὣς
578 2296 706 2381 ἄρα
750 2296 1064 2378 φωνήσας
1107 2295 1260 2359 υἱὸν
1284 2295 1503 2376 κύσε,
1548 2294 1675 2358 κὰδ
1721 2291 1796 2359 δὲ
1838 2307 2252 2431 παρειῶνιω

360 2400 653 2485 δάκρυον
698 2395 815 2483 ἧκε
859 2403 1125 2484 χαμαζε·
1172 2400 1382 2484 πάρος
1428 2395 1489 2463 δ’
1536 2401 1639 2501 ἔχε
1684 2398 1971 2485 νωλεμὲς
2016 2404 2163 2467 αἰεί.
2167 2361 2299 2431 hub
2321 2343 2628 2540 &33

368 2504 741 2590 Τηλέμαχος
780 2502 944 2569 δ’-
975 2504 1056 2569 οὐ
1092 2504 1219 2589 γάρ
1253 2526 1356 2569 πω
1397 2503 1700 2570 ἐπείθετο
1736 2505 1815 2570 ὃν
1850 2504 2069 2592 πατέρ
2108 2502 2374 2571 εἷναι-

359 2610 613 2688 έξαῦτίς
657 2634 774 2694 μιν
819 2612 1088 2674 ἔπεσσιν
1134 2608 1568 2693 ἀμειβόμενος
1613 2609 2028 2694 προσέειπεν·

449 2715 575 2798 ,,οὐ
603 2711 751 2796 σύγ’
776 2712 1133 2790 Ὀδυσσεύς
1167 2712 1334 2797 ἐσσι,
1370 2715 1582 2800 πατὴρ
1613 2712 1790 2798 έμός,
1819 2713 1985 2778 ἀλλά
2013 2738 2091 2798 με
2122 2716 2376 2798 δαίμων

257 2842 333 2881 195
360 2818 620 2901 θέλγει,
667 2814 818 2902 ὄφρ’
865 2819 959 2881 ἔτι
1006 2823 1257 2901 μᾶλλον
1305 2819 1711 2902 ὀδυρόμενος
1757 2822 2126 2903 στεναχίζω.
2252 2822 2255 2825 ’

359 2925 441 2990 οὐ
487 2924 610 3008 γάρ
657 2943 794 2999 πως
838 2922 922 2988 ἂν
967 2926 1216 3007 θνητὸς
1262 2923 1433 3009 ἀνὴρ
1480 2923 1635 2989 τάδε
1682 2927 2068 3012 μηχανόῳτο

359 3023 411 3116 ᾧ
460 3029 668 3108 αὐτοῦ
712 3051 787 3111 γε
831 3031 1003 3117 νόω,
1049 3028 1156 3093 ὅτε
1202 3030 1290 3112 μὴ
1337 3029 1500 3105 θεὸς
1545 3028 1743 3106 αὐτὸς
1788 3028 2090 3093 ἐπελθὼν

360 3135 633 3218 ῥηιδίως
678 3132 933 3200 ἐθέλων
977 3136 1131 3218 θείη
1178 3131 1337 3199 νέον
1382 3131 1460 3218 ἠὲ
1504 3133 1801 3220 γέροντα.

357 3234 399 3321 ἦ
447 3240 571 3324 γάρ
617 3263 720 3305 τοι
764 3238 921 3305 νέον
965 3234 1147 3323 ἦσθα
1192 3236 1411 3324 γέρων
1455 3238 1565 3303 καὶ
1609 3239 1831 3303 ἀεικέα
1876 3238 2056 3303 ἕσσο·

254 3365 333 3405 200
360 3353 488 3408 νῦν
537 3340 611 3408 δὲ
656 3351 920 3409 θεοῖσιν
966 3346 1214 3426 ἔοικας,
1260 3348 1332 3409 οἳ
1374 3344 1669 3426 οὐρανὸν
1716 3343 1920 3427 εὐρὺν
1966 3345 2252 3427 ἔχουσι.“

447 3452 563 3515 τὸν
601 3447 660 3513 δ’
709 3447 1235 3532 ἀπαμειβόμενος
1271 3446 1570 3534 προσέφη
1609 3449 1971 3532 πολύμητις
2000 3444 2376 3526 Ὀδυσσεύς·

447 3548 856 3639 ,,Τηλέμαχ’,
902 3554 983 3619 οὔ
1033 3570 1104 3617 σε
1153 3555 1323 3618 ἔοικε
1372 3557 1575 3637 φίλον
1621 3550 1845 3640 πατέρ’
1889 3556 2088 3646 ἔνρζον
2134 3553 2327 3620 ἐόντα
2381 3545 2598 3621 lumm-
