2650 3909
1026 193 1057 240 χ
1098 173 1211 241 (22)
1250 173 1725 241 μνηστηροφονία.
2014 153 2020 160 ’
2264 167 2385 232 14Ί

466 330 715 414 ,,ξεῐνε,
759 342 972 408 κακῶς
1018 332 1285 416 ἀνδρῶν
1333 329 1647 408 τοξάζεαι·
1695 328 1904 395 οὐκέτ’
1952 330 2218 395 ἀέθλων

374 438 595 502 ἄλλων
641 435 994 513 ἀντιάσεις·
1041 446 1169 501 νῦν
1214 460 1317 500 τοι
1365 447 1493 512 σῶς
1540 437 1735 510 αἰπὺς
1780 437 2075 519 ὄλεθρος.

373 539 484 605 καὶ
529 541 655 624 γὰρ
703 542 786 624 δὴ
832 551 961 607 νῦν
1007 553 1194 625 φῶτα
1241 539 1657 623 κατέκτανες,
1703 538 1777 616 ὃς
1822 537 1965 624 μέγ’
2006 541 2269 622 ἄριστος

296 668 349 706 30
376 648 641 731 κούρων
687 649 787 711 εἰν
827 641 1078 731 Ἰθάκῃ·
1126 647 1216 711 τώ
1264 642 1324 711 σ’
1373 645 1617 711 ἐνθάδε
1662 654 1864 727 γῦπες
1911 642 2236 708 ἔδονται.66
2354 719 2359 723 .

13 729 399 883 &vro-Q&
465 758 648 836 ἴσκεν
694 750 964 827 ἕκαστος
1009 750 1211 836 ἀνήρ,
1258 749 1397 815 ἐπεὶ
1442 746 1484 834 ἦ
1532 750 1756 834 φάσαν
1803 749 1924 815 οὐκ
1971 747 2287 813 ἐθέλοντα

375 857 589 940 ἄνδρα
635 868 1072 921 κατακτεῖναι·
1121 859 1195 921 τὸ
1242 852 1316 920 δὲ
1361 858 1587 939 νήπιοι
1632 853 1757 920 οὐκ
1803 854 2117 937 ἐνόησαν,

375 961 463 1038 ὡς
512 963 593 1044 δή
643 978 806 1045 σφιν
850 959 960 1026 καὶ
1004 970 1207 1026 πᾶσιν
1254 959 1545 1046 ὀλέθρου
1588 957 1838 1045 πείρατ’
1883 958 2147 1043 ἐφῆπτο.

295 1192 346 1230 35
465 1166 563 1254 ,,ὦ
583 1173 799 1254 κύνες,
822 1171 903 1236 οὔ
931 1167 997 1253 μ’
1027 1169 1114 1235 ἔτ’
1142 1167 1457 1254 ἐφάσκεθ’
1480 1171 1860 1252 ὑπότροπον
1890 1167 2099 1235 οἴκαδ’
2131 1168 2397 1234 ἱκέσθαι

377 1276 593 1359 δήμου
641 1278 769 1340 ἄπο
826 1275 1107 1358 Τρώων,
1153 1275 1254 1338 ὅτι
1300 1298 1414 1357 μοι
1459 1278 1856 1355 κατεκείρετε
1903 1269 2119 1357 οἷκον,

375 1381 673 1468 δμῳῇσιν
720 1377 794 1443 δὲ
840 1377 1101 1461 γυναιξὶ
1146 1379 1636 1464 παρευνάζεσθε
1683 1382 1945 1462 βιαίως,

374 1484 582 1549 αὐτοῦ
628 1508 695 1549 τε
744 1486 1022 1563 ζώοντος
1065 1482 1494 1567 ὑπεμνάασθε
1541 1495 1853 1567 γυναῖκα,

376 1591 528 1655 οὔτε
571 1594 775 1667 θεοὺς
821 1591 1185 1673 δείσαντες,
1233 1592 1303 1654 οἳ
1344 1589 1635 1674 οὐρανὸν
1680 1589 1885 1673 εὐρὺν
1931 1591 2227 1672 ἔχουσιν,

293 1716 347 1756 40
374 1693 534 1760 οὔτέ
572 1693 700 1761 τιν’
743 1695 1125 1780 ἀνθρώπων
1170 1692 1441 1778 νέμεσιν
1485 1697 1888 1759 κατόπισθεν
1934 1695 2229 1759 ἔσεσθαι·

373 1810 500 1867 νῦν
544 1800 705 1884 ὕμιν
751 1798 860 1865 καὶ
904 1810 1105 1865 πᾶσιν
1152 1799 1441 1885 ὀλέθρου
1486 1797 1737 1885 πείρατ’
1781 1798 2123 1882 ἐφῆπται.“

293 1927 345 1965 42
464 1905 552 1981 ὣς
587 1906 780 1989 φάτο,
816 1908 972 1982 τοὺς
1009 1903 1071 1969 δ’
1107 1907 1234 1987 ἄρα
1270 1906 1517 1982 πάντας
1552 1905 1682 1971 ὑπὸ
1719 1907 1977 1990 χλωρὸν
2015 1904 2161 1981 δέος
2187 1897 2391 1971 εἷλεν·

293 2033 348 2070 44
375 2010 769 2094 Εὐρύμαχος
815 2008 894 2074 δέ
934 2033 1049 2093 μιν
1097 2006 1235 2087 οἷος
1281 2009 1715 2094 ἀμειβόμενος
1756 2008 2169 2093 προσέειπεν·

293 2135 347 2174 45
464 2115 571 2197 ,,εί
612 2110 735 2196 μὲν
782 2114 864 2195 δὴ
906 2111 1216 2189 Ὀδυσεὺς
1255 2111 1627 2197 Ἰθακήσιος
1673 2116 2100 2197 εἰλήλουθας,

374 2227 578 2283 ταῦτα
622 2213 746 2299 μὲν
791 2223 1020 2299 αἴσιμα
1065 2213 1280 2297 εἶπας,
1328 2216 1453 2281 ὅσα
1499 2217 1804 2301 ῥέζεσκον
1843 2216 2118 2303 Ἀχαιοί,

374 2323 586 2387 πολλὰ
613 2317 736 2404 μὲν
775 2319 847 2385 ἐν
874 2321 1260 2405 μεγάροισιν
1289 2320 1654 2401 ἀτάσθαλα,
1690 2323 1901 2386 πολλὰ
1930 2319 1990 2385 δ’
2026 2321 2124 2387 ἐπ’
2161 2324 2387 2410 ἀγροῦ.

374 2425 518 2493 ἀλλ’
564 2427 600 2492 ὁ
647 2423 768 2510 μὲν
814 2427 941 2510 ἤδη
988 2437 1226 2508 κεῖται,
1275 2425 1349 2502 ὃς
1394 2432 1599 2502 αἴτιος
1644 2427 1871 2491 ἔπλετο
1916 2427 2215 2512 πάντων,

368 2531 722 2609 Ἀντίνοος·
770 2526 964 2607 οὗτος
1007 2532 1132 2615 γαρ
1182 2529 1447 2622 έπ-ῃλεν
1491 2530 1645 2595 τάδε
1694 2533 1853 2614 ἔργα
1863 2509 2201 2649 ,ww-t·
2248 2562 2335 2604 μ,

293 2659 347 2700 50
374 2639 456 2703 οὔ
500 2661 564 2701 τι
609 2636 823 2720 γάμου
870 2639 1113 2702 τόσσον
1157 2634 1554 2722 κεχρημένος
1600 2632 1760 2701 οὐδὲ
1804 2640 2113 2722 χατίζων,

373 2739 515 2808 ἀλλ’
559 2743 733 2808 ἄλλα
773 2741 1113 2828 φρονέων,
1158 2740 1238 2805 τά
1284 2742 1356 2806 οἱ
1396 2741 1518 2806 οὐκ
1565 2739 1857 2807 ἐτέλεσσε
1913 2744 2248 2829 Κρονίων,

373 2846 527 2932 ὄφρ’
570 2845 833 2931 Ἰθάκης
876 2849 1038 2913 κατὰ
1085 2848 1298 2930 δῆμον
1346 2844 1726 2930 ἐυκτιμένης
1770 2850 2111 2931 βασιλεύοι

372 2952 600 3033 αὐτός,
646 2951 808 3036 ἀτὰρ
858 2954 980 3016 σὸν
1023 2952 1228 3015 παῖδα
1273 2955 1709 3016 κατακτείνειε
1758 2951 2057 3034 λοχήσας.

370 3067 500 3122 νῦν
547 3052 608 3119 δ’
656 3056 691 3121 ὀ
738 3052 861 3139 μὲν
908 3054 981 3120 ἐν
1026 3059 1225 3140 μοίρῃ
1270 3054 1587 3140 πέφαται,
1632 3057 1714 3118 σὺ
1764 3050 1838 3118 δὲ
1882 3056 2110 3138 φείδεο
2156 3062 2334 3123 λαῶν

293 3183 344 3223 5⁶
372 3173 536 3226 σῶν·
582 3161 747 3246 ἀτὰρ
793 3161 999 3244 ἄμμες
1043 3162 1326 3224 ὄπισθεν
1373 3158 1806 3242 ἀρεσσάμενοι
1851 3160 2014 3224 κατὰ
2059 3162 2304 3245 δῆμον,

372 3266 537 3331 ὅσσά
581 3289 683 3331 τοι
730 3264 1078 3330 ἐκπέποται
1122 3263 1231 3329 καὶ
1277 3264 1585 3347 ἐδήδοται
1632 3263 1703 3329 έν
1751 3263 2124 3349 μεγάροισι,

18 3335 567 3453 ωψμκνῡῦὶιμὴν
611 3369 817 3471 ἀμφὶς
861 3372 1133 3452 ἄγοντες
1178 3370 1628 3451 ἐεικοσάβοιον
1674 3366 1973 3453 ἕκαστος,
1998 3369 2378 3500 Q

370 3457 617 3558 χαλκόν
664 3498 732 3539 τε
777 3479 1026 3561 χρυσόν
1070 3473 1127 3540 τ’
1173 3475 1639 3558 ἀποδώσομεν,
1685 3476 1779 3552 εἰς
1822 3475 1860 3539 ὅ
1905 3499 1977 3540 κε
2024 3480 2145 3542 σὸν
2190 3486 2313 3563 κῆρ

1854 3581 1962 3634 10*
