2650 3909
377 240 459 303 10
804 262 837 294 ν
877 242 989 309 (13)
1022 238 1326 303 Ὀδυσσέως
1364 240 1471 309 ἅφι
1474 242 1527 306 ξι
1508 261 1557 302 ις
1594 239 1674 303 εἰς
1709 239 1953 308 Ἰθάκην.
2103 231 2212 347 w
2246 282 2306 314 μ
2341 239 2521 321 ωδ
2566 281 2616 338 ‘D-

369 401 523 477 τούς
568 398 634 483 μ’
678 398 985 465 ἐκέλευσα
1033 401 1267 465 Πύλον
1314 397 1389 464 δε
1433 409 1829 483 καταστῆσαι
1875 399 1984 465 καὶ
2030 342 2368 516 ἐφέσιὲκιῗιῒὃ
2469 454 2482 491 ¹

262 527 343 568 275
369 505 410 589 ἢ
458 508 553 581 εἰς
579 504 827 569 ”Ηλιδα
874 506 1057 588 δῖαν,
1104 504 1221 569 ὅθι
1266 503 1656 587 κρατέουσιν
1696 501 1958 571 ’.Επειοί
2209 451 2466 547 ίῴῶγώ
2607 502 2645 532 ’“’

370 608 515 674 ἀλλ’
557 613 711 694 ἥτοί
750 627 953 694 σφεας
996 617 1223 675 κεῖθεν
1269 609 1573 675 ἀπώσατο
1618 612 1679 686 ἲς
1724 608 1993 693 ἀνέμοιο

369 712 558 780 πόλλ’
607 714 1111 798 ἀεκαζομένους,
1157 711 1303 779 οὐδ’
1348 716 1599 797 ἤθελον
1646 712 2065 799 ἐξαπατῆσαι·

368 827 595 885 κεῖθεν
642 816 716 884 δὲ
759 818 1204 905 πλαγχθέντες
1251 819 1564 902 ἱκάνομεν
1610 817 1856 884 ἐνθάδε
1902 822 2156 895 νυκτός.

372 927 629 1009 σπουδῇ
678 922 735 989 δ’
783 923 849 1000 ἐς
894 923 1124 1007 λιμένα
1169 922 1696 1008 προερέσσαμεν,
1740 922 1906 988 οὐδέ
1943 947 2042 1000 τις
2085 925 2245 1007 ἥμιν

264 1053 345 1092 280
375 1033 629 1115 δόρπου
676 1039 947 1113 μνῆστις
991 1032 1141 1113 ἔην,
1187 1029 1361 1112 μάλα
1406 1050 1528 1114 περ
1575 1028 1923 1114 χατέουσιν
1969 1027 2269 1112 ἑλέσθαι,

371 1132 513 1199 ἀλλ’
556 1134 768 1210 αὕτως
814 1133 1179 1218 ἀποβάντες
1223 1133 1530 1217 ἐκείμεθα
1573 1136 1734 1215 νηὸς
1778 1134 2072 1211 ἅπαντες.

371 1236 517 1304 ἔνθ’
564 1237 675 1323 ἐμὲ
721 1236 842 1323 μὲν
887 1243 1133 1323 γλυκὺς
1177 1240 1386 1315 ὕπνος
1432 1231 1738 1322 ἐπήλυθε
1768 1250 2137 1324 κεκμηῶτα,

373 1346 443 1410 οἱ
484 1341 558 1409 δὲ
602 1342 875 1430 χρήματ’
921 1344 1042 1428 ἐμὰ
1088 1350 1434 1429 γλαφυρῆς
1480 1343 1550 1408 ἐκ
1595 1348 1755 1428 νηὸς
1799 1343 2056 1422 ἑλόντες

371 1449 734 1533 κάτθεσαν,
780 1449 948 1515 ἔνθά
994 1470 1116 1534 περ
1165 1450 1364 1526 αὐτὸς
1408 1447 1516 1515 ἐπὶ
1559 1451 1973 1534 ψαμάθοισιν
2021 1451 2302 1535 ἐκείμην.

267 1577 348 1618 285
375 1556 446 1619 οἱ
487 1553 545 1618 δ’
593 1554 660 1632 ἐς
705 1557 1031 1639 Σιδονίην
1078 1553 1516 1639 εὐναιομένην
1564 1554 1925 1638 ἀναβάντες

374 1657 603 1746 ᾤχοντ’
625 1681 639 1695 ·
687 1660 893 1744 αὐτὰρ
941 1659 1067 1742 ἐγὼ
1118 1663 1404 1742 λιπόμην
1450 1659 1858 1743 ἀκαχήμενος
1901 1654 2127 1743 ἧτορ.“
2162 1655 2172 1664 ’

462 1763 551 1839 ὣς
594 1765 796 1847 φάτο,
842 1765 1153 1846 μείδησεν
1201 1760 1275 1828 δὲ
1319 1764 1449 1827 θεὰ
1495 1768 1871 1845 γλαυκῶπις
1908 1759 2192 1846 Ἀθήνη,

374 1873 547 1953 χειρί
586 1867 661 1931 τέ
701 1890 815 1951 μιν
860 1865 1185 1951 κατέρεξε·
1235 1865 1434 1950 δέμας
1479 1864 1541 1931 δ’
1586 1867 1772 1948 ἤικτο
1819 1866 2084 1948 γυναικὶ

374 1978 538 2057 καλη
584 1994 653 2036 τε
699 1972 947 2057 μεγάλη
993 1994 1062 2035 τε
1107 1969 1216 2036 καὶ
1263 1971 1480 2065 ἀγλαὰ
1519 1968 1670 2070 ἔργ’
1703 1972 1939 2064 εἰδυίῃ.
2100 1943 2262 2044 Ᾰυω
2289 1965 2370 2030 αἱ)
2412 1945 2492 2024 [ιι
2519 1953 2616 2022 We

266 2100 349 2140 290
377 2082 492 2141 καί
532 2100 647 2160 μιν
692 2073 1032 2160 φωνήσασ’
1079 2078 1235 2141 ἔπεα
1280 2059 1635 2160 πτερόεντα
1680 2078 2051 2161 προσηύδα·

465 2180 857 2266 ,,κερδαλεός
899 2179 960 2246 κ’
1006 2188 1106 2264 εἴη
1154 2179 1263 2246 καὶ
1311 2181 1661 2257 ἐπίκλοπος
1707 2181 1779 2257 ὅς
1825 2199 1896 2246 σε
1940 2182 2264 2268 παρέλθοι

376 2286 448 2353 ἐν
492 2287 809 2352 πάντεσσι
856 2289 1145 2372 δόλοισι,
1190 2285 1301 2352 καὶ
1348 2289 1409 2351 εἰ
1450 2288 1611 2363 θεὸς
1657 2286 2001 2352 ἀντιάσειε.
2483 2347 2492 2356 ,

377 2392 657 2479 σχέτλιε,
702 2398 1165 2478 ποικιλομῆτα,
1214 2395 1435 2459 δόλων
1479 2387 1614 2480 ατ’,
1660 2393 1782 2458 οὐκ
1827 2392 1929 2479 ἄρ’
1977 2375 2390 2477 §penes-sm
2404 2399 2584 2456 alus:

378 2497 637 2564 οὐδ’ἐν
685 2508 764 2583 ση
810 2520 931 2583 περ
979 2499 1106 2563 ἐὼν
1153 2503 1341 2584 γαίῃ,
1389 2498 1613 2580 λήξειν
1660 2498 1966 2563 ἀπατάων

268 2624 351 2665 295
378 2606 618 2687 μύθων
663 2626 732 2667 τε
778 2607 1102 2684 κλοπίων,
1149 2605 1220 2668 οι
1258 2626 1362 2667 τοι
1405 2605 1696 2666 πεδόθεν
1740 2604 1926 2683 φίλοι
1971 2578 2234 2670 slo't'vm-
2277 2613 2460 2670 ,-=·'-.
2549 2623 2576 2660 *s

378 2705 521 2771 ἀλλ’
565 2708 681 2788 άγε
729 2705 954 2788 μηκέτι
1000 2715 1204 2770 ταῦτα
1251 2707 1630 2789 λεγώμεθα,
1676 2704 1991 2780 εἰδότες’
1964 2701 2172 2790 άμφω
2305 2693 2470 2747 ’ΜὟ
2579 2695 2586 2704 ’

376 2808 619 2896 κέρδε’,
665 2808 802 2873 ἐπεὶ
852 2812 933 2873 σὺ
980 2808 1101 2891 μέν
1149 2809 1290 2873 ἐσσι
1337 2813 1596 2894 βροτῶν
1643 2806 1741 2894 όχ’
1785 2810 2047 2893 άριστος
2084 2809 2391 2875 ἁπάντων

377 2919 585 3001 βουλῇ
631 2913 740 2979 καὶ
787 2916 1138 2997 μύθοισιν,
1186 2913 1312 2996 ἐγὼ
1364 2910 1426 2977 δ’
1470 2911 1545 2978 ἐν
1588 2922 1748 2978 πᾶσι
1792 2920 2013 2979 θεοῖσι

379 3024 531 3106 μήτι
575 3043 643 3085 τε
690 3020 959 3102 κλέομαι
1005 3016 1489 3103 καὶκέρδεσιν·
1539 3015 1699 3083 οὐδὲ
1746 3017 1893 3103 σύγ’
1937 3023 2145 3102 ἔγνως

271 3150 353 3190 300
380 3123 676 3191 Παλλάδ’
728 3123 1120 3207 Ἀθηναίην,
1165 3124 1417 3207 κούρην
1464 3126 1663 3206 Διός,
1707 3126 1749 3208 ἥ
1796 3124 1871 3189 τέ
1909 3148 2011 3189 τοι
2057 3124 2183 3189 αἰεὶ

381 3233 452 3297 ἐν
498 3232 812 3296 πάντεσσι
857 3232 1122 3294 πόνοισι
1168 3233 1570 3313 παρίσταμαι
1614 3226 1735 3312 ἠδὲ
1779 3229 2128 3312 φυλάσσω,

380 3335 487 3401 καὶ
535 3334 620 3401 δέ·
655 3352 727 3400 σε
777 3337 1139 3418 Φαιήκεσσι
1184 3338 1386 3417 φίλον
1430 3335 1788 3399 πάντεσσιν
1835 3336 2059 3416 ἔθηκα.
2419 3390 2442 3428 χ

380 3451 507 3505 νῦν
553 3436 638 3505 αὖ
687 3436 875 3525 δεῦρ’
919 3442 1178 3524 ἱκόμην,
1224 3439 1336 3503 ἵνα
1381 3442 1657 3504 τοι*σὺν
1705 3448 1897 3522 μῆτιν
1943 3439 2178 3523 ὑφήνω
2332 3381 2454 3552 (ff)

381 3546 677 3632 χρήματά
721 3570 789 3611 τε
836 3547 1099 3631 κρύψω,
1146 3546 1268 3609 ὅσα
1313 3567 1416 3609 τοι
1469 3548 1754 3627 Φαίηκες
1799 3542 2036 3627 ἀγαυοὶ
