2650 3909
680 271 712 305 τ
749 255 860 319 (19)
892 249 1195 328 Ὀδυσσέως
1230 253 1328 307 καὶ
1364 252 1696 322 Πηνελόπης
1731 252 1931 322 ὁμιλία.
2178 250 2307 314 105

296 408 559 502 ἀλλ’ωέκ
602 434 706 478 τοι
752 410 940 496 ἐρέω·
983 407 1026 496 ἦ
1073 411 1195 497 μέν
1240 410 1307 497 μ’
1351 410 1616 497 ἀχέεσσί
1653 437 1727 496 γε
1774 415 2006 489 δώσεις

294 520 594 582 πλείοσιν
640 517 682 601 ἢ
728 520 984 603 ἔχομαι·
1030 518 1072 601 ἡ
1117 519 1243 604 γὰρ
1291 519 1472 602 Qum,
1519 518 1758 587 ὁππότε
1805 518 2053 602 πάτρης
2142 538 2277 620 Q

295 617 374 705 ἧς
412 620 697 707 ,ἀπέῃσιν
746 622 915 709 ἀνὴρ
961 626 1202 689 τόσσον
1248 626 1526 710 χρόνον,
1572 622 1775 687 ὅσσον
1823 620 1950 704 ἐγὼ
1996 630 2154 703 νῦν,

189 748 268 787 1⁷0
294 727 507 792 πολλὰ
550 730 813 810 βροτῶν
860 726 965 793 ἐπὶ
1009 725 1183 793 ἄστε’
1228 727 1592 811 ἀλώμενος,
1638 729 1839 809 ἄλγεα
1883 726 2172 811 πάσχων.

295 831 461 896 ἀλλὰ
506 830 616 896 καὶ
661 826 765 910 ὧς·
794 831 955 917 ἐρέω
1001 834 1039 898 ὅ
1085 830 1151 918 μ’
1196 832 1487 920 ἀνείρεαι
1531 831 1651 916 ἠδὲ
1695 836 2032 917 μεταλλᾷς.

295 939 521 1021 Κρήτη
566 959 665 1013 τις
706 934 844 1021 γαῖ’
892 936 1057 1022 ἐστι,
1103 937 1279 1027 μέσῳ
1327 937 1427 1004 ἐνὶ
1473 944 1695 1003 οἴνοπι
1738 940 1991 1025 πόντῳ,

295 1043 467 1125 καλὴ
513 1041 624 1107 καὶ
668 1046 919 1129 πίειρα,
964 1048 1381 1128 περίρρυτος·
1429 1042 1502 1109 ἐν
1549 1041 1608 1107 δ’
1655 1044 2002 1126 ἄνθρωποι

296 1150 562 1230 πολλοί,
612 1146 1006 1247 ἀπε-ιρέσιοι,
1049 1148 1159 1214 καὶ
1206 1148 1567 1231 ἐννήκοντα
1611 1151 1867 1232 πόληες.
1917 1131 2424 1211 'munuum-masth

191 1271 270 1312 125
297 1253 464 1335 ἄλλη
512 1250 574 1315 δ’
615 1253 838 1319 ἄλλων
884 1259 1149 1336 γλῶσσα
1194 1251 1583 1338 μεμιγμένη·
1631 1251 1704 1318 ἐν
1750 1249 1872 1336 μὲν
1909 1248 2190 1336 Ἀχαιοί,

299 1355 374 1422 ἐν
421 1353 480 1421 δ’
527 1353 940 1444 Ἐτεόκρητες
983 1360 1447 1444 μεγαλήτορες,
1494 1355 1567 1422 ἐν
1614 1347 1703 1421 δὲ’
1733 1358 2049 1432 Κύδωνες

299 1460 593 1547 Δωριέες
634 1484 702 1527 τε
748 1463 1072 1556 τριχάικες
1117 1465 1258 1528 διὀί
1296 1486 1364 1527 τε
1411 1466 1765 1544 Πελασγοί.
1883 1461 1905 1524 ζ
1957 1441 2509 1557 Mamm-Teum<

298 1576 446 1651 τῇσι
493 1564 552 1632 δ’
601 1565 702 1631 ἐνὶ
747 1559 1052 1648 Κνωσός,
1097 1566 1345 1649 μεγάλη
1390 1569 1607 1648 πόλις,
1653 1564 1821 1629 ἔνθά
1864 1587 1933 1630 τε
1978 1567 2218 1640 Μίνως

33 1687 195 1813 ἧὙω.
220 1671 621 1765 Λδένν-εζωρος
663 1675 971 1754 βασίλευε
1016 1672 1184 1747 Διὸς
1227 1671 1518 1755 μεγάλου
1563 1669 1924 1762 ὀαριστήςφ
2000 1661 2366 1734 mod-C.

18 1825 42 1858 ,-
196 1797 274 1836 180
298 1780 542 1864 πατρὸς
586 1776 771 1861 ἐμοῖο
815 1778 1058 1862 πατήρ,
1103 1776 1496 1859 μεγαθύμου
1542 1778 2023 1851 Δευκαλίωνος.

24 481 48 546 ffe-

302 1886 692 1947 Δευκαλίων
741 1878 801 1945 δ’
849 1877 960 1965 ἐμὲ
1004 1885 1174 1947 τίκτε
1221 1878 1333 1946 καὶ
1371 1878 1715 1965 Ἰδομενῆα
1757 1881 2025 1945 ἄνακτα·

300 1984 444 2052 ἀλλ’
489 1987 525 2053 ὁ
571 1983 693 2070 μὲν
740 1986 813 2052 ἐν
857 1988 1088 2069 νήεσσι
1132 1989 1494 2073 κορωνίσιν
1521 1983 1731 2051 Ἴλιον
1777 1991 1934 2051 εἴσω

302 2088 505 2177 ᾤχεθ’
557 2088 667 2173 ἅμ’
714 2087 1148 2178 Ἀτρείδῃσιν·
1197 2090 1341 2175 ἐμοὶ
1389 2087 1450 2154 δ’
1505 2092 1715 2175 ὄνομα
1759 2093 2001 2157 κλυτὸν
2053 2096 2314 2172 Αἴθων,

303 2194 658 2277 ὁπλότερος
701 2203 921 2279 γενεῇ·
968 2194 1004 2260 ὁ
1051 2191 1112 2258 δ’
1157 2196 1285 2278 ἄρα
1328 2197 1646 2281 πρότερος
1687 2194 1797 2260 καὶ
1843 2195 2103 2279 ἀρείων.

197 2318 276 2359 185
306 2295 451 2363 ἔνθ’
498 2293 782 2380 Ὀδυσῆα
828 2295 997 2380 ἐγὼν
1045 2299 1284 2381 ἰδόμην
1328 2296 1439 2363 καὶ
1484 2297 1693 2376 ξείνια
1739 2301 1935 2364 δῶκα.

301 2400 411 2469 καὶ
455 2404 583 2488 γὰρ
629 2404 746 2468 τὸν
791 2403 1061 2486 Κρήτην
1109 2404 1148 2467 δ
1152 2398 1183 2466 ὲ
1226 2404 1592 2485 κατήγαγεν
1636 2405 1700 2479 ἲς
1743 2401 2045 2488 ἀνέμοιο,
2500 2471 2512 2491 ,

304 2506 564 2592 ἱέμενον
619 2510 865 2593 Τροίην
911 2504 984 2571 δὲ
1029 2507 1544 2602 παραπλάγξασα
1587 2492 2176 2572 Mamm-dalma-
2198 2516 2600 2613 Qatnu-«5

304 2623 497 2699 στῆσε
547 2609 605 2677 δ’
654 2610 728 2678 ἐν
764 2609 1049 2699 Ἀμνισςό
1065 2661 1084 2695 ,
1129 2613 1246 2678 ὅθι
1290 2635 1361 2678 τε
1408 2613 1605 2690 σπέος
1648 2614 2062 2698 Εἰλειθυίης,
2364 2581 2516 2653 Μ

303 2717 376 2783 ἐν
422 2716 680 2801 λιμέσιν
724 2723 1094 2802 χαλεποῖσι,
1139 2721 1329 2801 μόγις
1374 2713 1436 2782 δ’
1480 2717 1809 2796 ὑπάλυξεν
1855 2716 2104 2796 ἀέλλας.

195 2844 275 2883 190
301 2823 533 2888 αὐτίκα
579 2816 641 2886 δ’
686 2820 1023 2906 Ἰδομενῆα
1067 2824 1353 2907 μετάλλα
1399 2824 1563 2888 ἄστυ
1611 2820 1671 2887 δ’
1716 2822 2047 2889 ἀνελθών·

301 2928 521 3007 ξεῖνον
566 2927 692 3013 γάρ
740 2927 812 2991 οἰ
851 2929 1090 3011 ἔφασκε
1136 2932 1338 3016 φίλον
1382 2926 1440 2992 τ’
1484 2930 1637 3011 ἔμεν
1683 2929 1941 2994 αἰδοῖόν
1985 2951 2074 2993 τε.
2173 2919 2374 3030 [ωιῐξ

301 3042 390 3121 τῳ
440 3030 501 3097 δ’
543 3034 673 3116 ἤδη
721 3032 956 3114 δεκάτη
1002 3030 1044 3114 ἢ
1091 3029 1403 3115 ἑνδεκάτη
1448 3030 1646 3097 πέλεν
1692 3033 1827 3115 ἠως

301 3136 621 3226 οἰχομένῳ
669 3139 795 3201 σὺν
839 3134 1037 3219 νηυσὶ
1081 3140 1441 3220 κορωνίσιν
1473 3135 1678 3201 Ἴλιον
1724 3143 1898 3201 εἰσω.

301 3244 418 3308 τὸν
455 3239 577 3326 μὲν
624 3241 751 3324 ἐγὼ
796 3244 962 3328 πρὸς
1007 3238 1249 3325 δώματ’
1295 3242 1477 3324 ἄγων
1524 3240 2001 3336 ἐύ-ἐξείνισσα,
2464 3253 2532 3337 Μ

195 3367 273 3409 195
302 3346 627 3424 ἐνδυκέως
668 3346 949 3432 φιλέων,
993 3351 1259 3412 πολλῶν
1302 3347 1467 3412 κατὰ
1511 3342 1699 3412 οἷκον
1746 3345 2017 3412 ἐόντων·

300 3455 418 3517 καί
459 3453 529 3516 οἰ
568 3463 705 3529 τοῖς
748 3453 973 3529 ἄλλοις
1018 3449 1300 3538 ἑτάροις,
1348 3455 1419 3517 οἳ
1457 3450 1563 3536 ἅμ’
1610 3452 1785 3540 αὐτῷ
1834 3451 2102 3537 ἕποντο,

302 3558 602 3640 δημόθεν
647 3558 887 3642 ἄλφιτα
934 3560 1111 3624 δῶκα
1155 3554 1265 3623 καὶ
1311 3564 1560 3624 αἴθοπα
1606 3553 1792 3624 οἶνον
1839 3556 2104 3644 ἀγείρας
