2650 3909
976 271 1007 318 χ
1047 255 1156 318 (22)
1196 252 1671 319 μνηστηροφονία.
2210 248 2337 312 149

236 435 290 474 90
316 412 545 488 ἀντίος
588 409 803 493 ἀίξας,
849 415 1071 495 εἴρυτο
1119 405 1194 474 δὲ
1239 410 1585 495 φάσγανον
1631 410 1780 492 ὀξύ,

314 523 383 582 εἴ
417 538 557 593 πως
600 516 672 581 οἴ
710 514 903 593 εἴξειε
953 515 1252 599 θυράων.
1344 512 1486 580 ἀλλ’
1534 516 1661 599 ἄρα
1704 539 1821 598 μιν
1865 522 2011 599 φθῆ

327 621 703 708 Τηλέμαχος
746 624 1109 688 κατόπισθε
1154 622 1381 707 βαλὼν
1427 623 1741 706 χαλκήρει·
1782 618 1975 705 δουρὶ

319 730 518 813 ὤμων
564 729 925 813 μεσσηγύς,
972 729 1083 794 διὰ
1129 724 1206 793 δὲ
1251 731 1621 813 στήθεσφιν
1667 730 1924 794 ἔλασσε·

318 838 653 921 δούπησεν
700 831 776 900 δὲ
818 836 1072 919 πεσών,
1118 837 1337 919 χθόνα
1383 831 1445 899 δ’
1485 836 1687 917 ἤλασε
1732 831 1930 899 παντὶ
1975 833 2267 919 μετώπῳ.

236 963 290 1004 95
326 940 700 1027 Τηλέμαχος
745 938 809 1005 δ’
852 942 1182 1025 ἀπόρουσε
1228 941 1446 1005 λιπὼν
1491 940 1912 1025 δολιχόσκιον
1959 940 2149 1023 ἔγχος

318 1047 524 1114 αὐτοῦ
570 1047 644 1112 έν
681 1044 1094 1135 Ἀμφινόμῳ·
1140 1044 1291 1130 περὶ
1337 1046 1464 1129 γὰρ
1511 1046 1646 1127 δίε,
1690 1048 1778 1129 μή
1825 1068 1923 1120 τις
1961 1040 2236 1128 Ἀχαιῶν

320 1156 513 1238 ἔγχος
556 1152 1004 1235 ἀνελκόμενον
1052 1153 1474 1236 δολιχόσκιον
1518 1149 1560 1233 ἢ
1607 1149 1858 1215 ἐλάσειε

317 1258 639 1345 φασγάνῳ
685 1256 871 1336 ἀίξας
914 1253 991 1340 ἠὲ
1035 1254 1419 1340 προπρηνέα
1463 1256 1689 1333 τύψας.

320 1367 404 1446 βῆ
455 1358 529 1426 δὲ
573 1359 795 1444 θέειν,
839 1362 1013 1445 μάλα
1061 1358 1121 1426 δ’
1178 1356 1315 1426 ὦκα
1363 1364 1566 1444 φίλον
1608 1358 1832 1443 πατέρ’
1889 1362 2342 1445 εἰσαφίκανεν,

217 1490 295 1531 100
320 1468 531 1553 ἀγχοῦ
576 1465 641 1531 δ’
687 1467 1032 1550 ἱστάμενος
1078 1469 1256 1531 ἔπεακ
1277 1468 1635 1551 πτερόεντα
1678 1466 2050 1549 προσηύδα·

411 1567 507 1655 ,,ὦ
551 1571 786 1656 πάτερ,
831 1573 959 1655 ἤδη
1006 1595 1109 1637 τοι
1155 1572 1357 1648 σάκος
1402 1576 1562 1636 οἴσω
1609 1568 1720 1636 καὶ
1767 1571 1891 1636 δύο
1938 1571 2139 1654 δοῦρε

319 1677 429 1743 καὶ
474 1675 720 1762 κυνέην
765 1677 1181 1762 πάγχαλκον,
1228 1675 1334 1741 ἐπὶ
1379 1676 1736 1760 κροτάφοις
1779 1676 2139 1762 ἀραρυῖαν,

322 1783 518 1859 αὐτός
561 1777 618 1847 τ’
662 1781 1157 1866 ἀμφιβαλεῦμαι
1206 1783 1362 1864 ἰών,
1406 1782 1601 1847 δώσω
1649 1778 1726 1846 δὲ
1771 1783 2034 1867 συβώτῃ

321 1887 430 1953 καὶ
475 1896 565 1975 τῷ
612 1890 916 1976 βουκόλῳ
963 1889 1154 1953 ἄλλα·
1202 1893 1636 1973 τετευχῆσθαι
1681 1887 1807 1972 γὰρ
1853 1886 2193 1971 ἄμεινον.“

219 2015 296 2056 106
410 1995 528 2059 τὸν
575 1990 637 2058 δ’
675 1992 1201 2077 ἀπαμειβόμενος
1235 1991 1536 2078 προσέφη
1572 1994 1936 2079 πολύμητις
1964 1991 2343 2066 Ὀδυσσεύς·

413 2093 597 2181 ,,οἶσε
641 2095 859 2179 θέων,
904 2098 1054 2172 εἵως
1098 2121 1212 2180 μοι
1259 2097 1636 2181 ἀμύνεσθαι
1679 2095 1834 2178 πάρ’
1889 2097 2128 2179 ὀιστοί,

323 2205 412 2286 μή
458 2200 524 2285 μ’
568 2201 1020 2284 ἀποκινήσωσι
1065 2202 1350 2286 θυράων
1396 2213 1652 2286 μοῦνον
1698 2202 1955 2268 ἐόντα.“

414 2307 503 2383 ὣς
546 2306 746 2391 φάτο,
801 2304 1176 2390 Τηλέμαχος
1221 2302 1295 2370 δὲ
1343 2310 1519 2395 φίλῳ
1566 2306 1949 2373 ἐπεπείθετο
1995 2311 2221 2391 πατρί,

325 2416 409 2496 βῆ
457 2408 518 2476 δ’
572 2417 789 2495 ἴμεναι
833 2411 1143 2494 θάλαμον
1190 2408 1280 2494 δ’,
1338 2411 1454 2476 ὅθι
1499 2413 1572 2477 οἰ
1609 2413 1814 2477 κλυτὰ
1859 2410 2067 2496 τεύχε’
2119 2415 2343 2478 ἔκειτο.

223 2539 300 2579 110
326 2519 529 2582 ἔνθεν
572 2515 857 2602 τέσσαρα
902 2512 1024 2598 μὲν
1071 2513 1249 2580 σάκε’
1292 2516 1498 2601 ἔξελε,
1546 2519 1838 2599 δούρατα
1885 2514 1946 2582 δ’
1990 2517 2158 2582 ὀκτὼ

324 2622 434 2689 καὶ
479 2625 760 2706 πίσυρας
803 2619 1043 2697 κυνέας
1085 2625 1480 2707 χαλκήρεας,
1529 2623 1976 2700 ἱπποδασείας·

324 2733 410 2813 βῆ
457 2724 531 2793 δὲ
578 2726 826 2813 φέρων,
873 2727 1047 2810 μάλα
1094 2724 1153 2790 δ’
1195 2722 1332 2792 ὦκα
1377 2731 1581 2811 φίλον
1625 2727 1846 2814 πατέρ’
1894 2731 2344 2815 εἰσαφίκανεν·

325 2835 523 2910 αὐτὸς
568 2829 644 2899 δὲ
688 2835 1020 2918 πρώτιστα
1063 2832 1214 2918 περὶ
1258 2837 1413 2919 χροῒ
1457 2836 1693 2901 δύσετο
1738 2839 2003 2921 χαλκόν.

328 2939 416 3016 ὣς
461 2936 521 3004 δ’
568 2939 781 3014 αὕτως
825 2939 915 3003 τὼ
962 2940 1141 3023 δμῶε
1189 2938 1489 3024 δυέσθην
1534 2941 1767 3025 τεύχεα
1810 2941 2011 3025 καλά,

224 3065 300 3106 115
328 3048 523 3111 ἔσταν
571 3040 636 3109 δ’
678 3041 841 3127 ἀμφ’
887 3040 1174 3127 Ὀδυσῆα
1221 3045 1587 3131 δαΐφρονα,
1632 3047 2120 3130 ποικιλομήτην.

416 3150 621 3234 αὐτὰρ
670 3148 705 3213 ὅ
751 3146 845 3232 γ’,
897 3150 1071 3234 ὄφρα
1118 3146 1242 3233 μὲν
1287 3150 1465 3238 αὐτῷ
1515 3150 1888 3234 ἀμύνεσθαι
1934 3152 2092 3216 ἔσαν
2140 3154 2259 3236 ίοί,

327 3258 544 3341 τόφρα
589 3257 984 3339 μνηστήρων
1030 3253 1150 3318 ἕνα
1192 3248 1255 3337 γ’
1299 3254 1427 3320 αἰεὶ
1475 3249 1528 3343 ᾧ
1577 3254 1678 3321 ἐνὶ
1723 3262 1883 3345 οἴκῳ

328 3360 529 3443 βάλλε
574 3363 1066 3443 τιτυσκόμενος·
1113 3358 1216 3425 τοὶ
1262 3358 1323 3425 δ’
1371 3361 1739 3458 ἀγχιστῖνοι
1784 3365 2072 3427 ἔπιπτον.
2100 3332 2363 3435 We&

329 3464 535 3549 αὐτὰρ
583 3464 723 3530 ἐπεὶ
769 3470 964 3533 λίπον
1012 3465 1102 3532 coz
1152 3466 1536 3532 ὀιστεύοντα
1580 3469 1859 3551 ἄνακτα,

226 3592 304 3633 120
329 3569 523 3647 τόξον
569 3566 691 3654 μὲν
734 3573 900 3657 πρὸς
945 3573 1245 3657 σταθμὸν
1293 3570 1651 3649 ἐυσταθέος
1694 3573 2008 3660 μεγάροιο
