2650 3909
346 235 433 298 42
911 255 941 289 ο
980 236 1092 304 (15)
1136 233 1461 303 Τηλεμάχου
1500 229 1793 296 ἐπάνοδος.

345 391 463 479 ἠδὲ
508 392 663 481 παρ’
697 393 946 460 ’Ήλιδα
992 396 1175 479 δῖαν,
1222 395 1338 461 ὅθι
1384 392 1775 480 κρατέουσιν
1813 392 2075 460 Ἐπειοί.

348 503 569 576 ἐνθενι
594 496 654 564 δ’
701 494 786 565 αὖ
831 502 1137 583 νήσοισιν
1185 498 1569 585 ἐπιπροέηκε
1611 506 1858 584 θοῇσιν

239 631 321 672 300
348 605 717 692 ὁρμαίνων,
762 607 804 688 ἤ
850 628 966 670 κεν
1011 607 1309 671 θάνατον
1355 607 1558 689 φύγοι
1601 601 1643 687 ἦ
1690 628 1807 669 κεν
1852 604 2051 691 ἁλώῃ.

433 711 524 774 τὼ
572 707 632 773 δ’
679 705 821 775 αὖτ’
869 709 940 775 ἐν
986 715 1206 796 κλισίῃ
1246 707 1561 785 Ὀδυσεὺς
1603 708 1713 774 καὶ
1761 712 1903 787 δῖος
1945 710 2245 795 ὑφορβὸς

346 817 723 901 δορπείτην·
769 817 946 899 παρὰ
993 812 1073 878 δέ
1113 831 1274 899 σφιν
1322 813 1642 899 ἐδόρπεον
1688 813 1916 900 ἀνέρες
1960 816 2167 879 ἄλλοι.

345 920 551 1006 αὐτὰρ
601 919 741 984 ἐπεὶ
783 924 1015 995 πόσιος
1058 917 1169 983 καὶ
1215 917 1488 1003 ἐδητύος
1533 917 1597 996 ἐξ
1647 921 1802 1005 ἔρον
1848 919 2026 1003 ἕντο,

345 1035 483 1100 τοῖς
529 1023 587 1089 δ’
628 1023 938 1101 Ὀδυσεὺς
983 1022 1302 1109 μετέειπε,
1351 1025 1657 1107 συβώτεω
1702 1028 2116 1109 πειρητίζων,

239 1156 317 1195 305
344 1131 387 1212 ή
433 1153 548 1212 μιν
595 1127 680 1194 ἔτ’
729 1128 1053 1206 ἐνδυκέως
1096 1127 1314 1214 φιλέοι
1359 1133 1586 1213 μεῖναί
1622 1153 1692 1194 τε
1737 1131 1993 1195 κελεύοι

345 1235 552 1300 αὐτοῦ
599 1233 699 1300 ἐνὶ
745 1243 1050 1324 σταθμῷ,
1094 1230 1134 1318 ἧ
1184 1235 1481 1322 ὀτρύνειε
1525 1238 1722 1300 πόλιν
1769 1233 1869 1300 δέ·

433 1339 750 1424 ,,κέκλυθι
795 1350 952 1424 νῦν,
998 1341 1281 1423 Εὔμαιε,
1326 1338 1437 1405 καὶ
1482 1342 1672 1407 ἄλλοι
1715 1342 1952 1417 πάντες
1997 1339 2267 1426 ἑταῖροι.

345 1446 569 1529 ἠῶθεν
614 1443 808 1529 προτὶ
852 1446 1012 1509 ἄστυ
1060 1448 1396 1528 λιλαίομαι
1441 1443 1842 1511 ἀπονέεσθαι

344 1552 771 1636 πτωχεύσων,
817 1551 928 1615 ἵνα
974 1550 1063 1633 μή
1109 1566 1182 1614 σε
1227 1551 1611 1635 κατατρύχω
1658 1548 1768 1615 καὶ
1814 1548 2129 1636 ἑταίρους.

239 1681 318 1719 310
347 1656 513 1720 ἀλλά
540 1680 653 1739 μοι
681 1651 756 1720 εὖ
786 1653 857 1720 θ’
895 1655 1157 1733 ὑπόθευ
1184 1652 1294 1718 καὶ
1322 1651 1432 1738 ἅμ’
1459 1653 1727 1738 ἡγεμόν’
1763 1654 2011 1720 ἐσθλὸν
2040 1656 2355 1739 ὄπασσον,

347 1761 419 1836 ὅς
461 1760 541 1826 κέ
580 1785 658 1845 με
705 1757 866 1826 κεῖσ’
910 1759 1150 1845 ἀγάγῃ·
1195 1760 1358 1823 κατὰ
1405 1755 1479 1823 δὲ
1523 1762 1756 1824 πτόλιν
1801 1759 1997 1835 αὐτὸς
2041 1759 2292 1845 ἀνάγκῃ
2430 1816 2530 1833 ,,.,
2625 1842 2628 1847 ἱ

345 1864 745 1949 πλάγξομαι,
792 1871 871 1928 αἶ
905 1863 1022 1928 κέν
1067 1886 1165 1940 τις
1208 1865 1496 1947 κοτύλην
1540 1862 1650 1928 καὶ
1693 1865 1953 1948 πύρνον
1998 1840 2358 1950 ὀρέξῃέᾶὼ
2381 1837 2568 1901 μ’μ’·
2627 1830 2639 1861 ³

344 1974 461 2034 καί
500 1968 559 2035 κ’
604 1970 827 2035 ἐλθὼν
872 1971 1035 2053 πρὸς
1081 1967 1325 2051 δώματ’
1370 1965 1727 2050 Ὀδυσσῆος
1775 1970 1989 2033 θείοιο
2340 1908 2536 2037 Q

346 2074 658 2158 ἀγγελίην
702 2082 949 2158 εἴποιμι
993 2077 1347 2160 περίφρονι
1393 2076 1841 2157 Πηνελοπείῃ,

240 2206 318 2246 315
346 2183 461 2246 καί
500 2203 572 2245 κε
617 2181 1101 2266 μνηστήρεσσιν
1147 2179 1614 2265 ὑπερφιάλοισι
1658 2182 1948 2262 μιγείην,

345 2291 415 2350 εἴ
451 2309 564 2369 μοι
609 2287 883 2350 δεῖπνον
931 2287 1114 2351 δοῖεν
1161 2284 1424 2350 ὀνείατα
1469 2283 1652 2370 μυρί’
1699 2286 1975 2370 ἔχοντες.

345 2386 508 2467 αἶψά
551 2414 667 2456 κεν
713 2386 789 2456 εὖ
835 2392 1116 2478 δρώοιμι
1162 2392 1320 2475 μετὰ
1368 2394 1597 2476 σφίσιν
1642 2386 1789 2455 ἅσσ’
1836 2389 2152 2457 ἐθέλοιεν.

347 2496 418 2561 ἐκ
463 2498 587 2581 γάρ
632 2521 736 2562 τοι
783 2496 974 2584 ἐρέω,
1022 2501 1105 2562 σὺ
1155 2493 1228 2560 δὲ
1275 2498 1527 2561 σύνθεο
1573 2498 1690 2560 καί
1727 2519 1850 2579 μευ
1897 2497 2211 2562 ἄκουσον·

335 2599 637 2685 Ἑρμείαο
685 2602 862 2683 ἕκητι
909 2603 1291 2682 διακτόρου,
1338 2600 1412 2674 ὅς
1458 2600 1544 2682 ῥά
1585 2622 1657 2664 τε
1700 2599 1968 2664 πάντων

239 2731 319 2770 820
345 2706 725 2788 ἀνθρώπων
772 2708 1022 2787 ἔργοισι
1067 2703 1261 2787 χάριν
1306 2701 1418 2767 καὶ
1461 2703 1662 2776 κῦδος
1706 2702 1955 2783 ὀπάζει,

25 2788 299 2917 ,tv-tim,
347 2809 761 2898 δρηστοσύνῃ
809 2807 931 2871 οὐκ
976 2808 1061 2872 ἄν
1105 2829 1219 2889 μοι
1265 2806 1542 2889 ἐρίσσειε
1589 2807 1823 2888 βροτὸς
1867 2807 2093 2890 ἄλλος,

345 2924 477 3000 πῦρ
523 2910 580 2977 τ’
623 2907 698 2977 εὖ
745 2920 983 2996 νηῆσαι
1031 2912 1143 2976 διά
1188 2934 1255 2976 τε
1303 2910 1465 2989 ξύλα
1512 2912 1681 3003 δανὰ
1724 2911 2027 2996 κεάσσαι,
2121 2910 2276 3032 Q

347 3021 734 3106 δαιτρεῦσαί
771 3042 839 3083 τε
884 3015 994 3082 καὶ
1041 3018 1318 3100 ὀπτῆσαι
1363 3014 1473 3081 καὶ
1519 3019 1931 3102 οἰνοχοῆσαι,

347 3117 455 3192 οἷά
498 3148 568 3190 τε
613 3136 751 3201 τοῖς
795 3123 1112 3206 ἀγαθοῖσι
1155 3124 1598 3209 παραδρώωσι
1643 3120 1931 3208 χέρηες.“

239 3254 318 3295 325
432 3234 551 3297 τὸν
597 3227 671 3295 δὲ
717 3227 859 3314 μέγ’
903 3230 1195 3315 ὀχθήσας
1237 3226 1599 3313 προσέφης,
1644 3229 1896 3312 Εὔμαιε
1942 3234 2229 3313 συβῶτα·

433 3338 676 3419 ,,ώμοι,
722 3336 921 3419 ξεῖνε,
965 3339 1035 3401 τί
1072 3337 1114 3420 ή
1160 3357 1262 3401 τοι
1309 3334 1410 3400 ἐνὶ
1455 3336 1652 3420 φρεσὶ
1695 3343 1891 3400 τοῦτο
1937 3337 2152 3418 νόημα

347 3445 603 3519 ἔπλετο;
651 3435 692 3524 ἦ
740 3442 899 3523 σύγε
944 3441 1160 3526 πάγχυ
1209 3444 1489 3506 λιλαίεαι
1535 3437 1770 3505 αὐτόθ’
1812 3439 2117 3525 ὀλέσθαι,
2637 3512 2638 3523 ¹

347 3548 408 3612 εἰ
452 3547 534 3630 δὴ
581 3547 973 3632 μνηστήρων
1020 3545 1274 3623 ἐθέλεις
1316 3546 1675 3611 καταδῦναι
1722 3546 1986 3632 ὅμιλον,
2635 3586 2639 3789 ρ
