2650 3909
396 212 482 275 32
960 233 989 268 ο
1026 217 1138 284 (15)
1182 214 1510 284 Τηλεμάχου
1548 210 1840 276 ἐπάνοδος.

67 340 169 433 [Δ
158 348 255 475 [Ἳ
272 334 655 456 ικκκπυκνὴν
702 371 811 438 καὶ
856 375 1182 458 μεγάλην,
1223 375 1264 457 ἥ
1313 375 1384 439 οἱ
1422 372 1835 469 παρεκέσκετ’
1878 374 2185 470 άμρ-ιβάς,
2212 352 2296 467 ³¹11
2323 408 2358 443 a
2396 380 2455 445 e(
2457 413 2592 445 ««««««
2591 411 2612 463 ιι
2617 454 2624 461 .

396 477 720 543 ἕννυσθαι
767 479 871 544 ὅτε
918 502 1017 555 τις
1060 481 1305 564 χειμὼν
1352 483 1673 564 ἔκπαγλος
1718 482 1958 565 ὄροιτο.
2573 480 2580 491 “

486 583 574 659 ὣς
610 583 645 649 ὁ
684 579 807 667 μὲν
845 582 990 649 ἔνθ’
1021 582 1329 661 Ὀδυσεὺς
1356 586 1738 669 κοιμήσατο,
1773 584 1876 651 τοὶ
1905 582 1978 651 δὲ
2013 584 2163 671 παρ’
2201 585 2404 649 αὐτὸν

396 689 636 775 άνδρες
679 693 1077 782 κοιμήσαντο
1123 695 1398 773 νεηνιάι.
1489 691 1571 755 οὐ
1618 686 1692 755 δὲ
1738 693 1999 777 συβώτῃ

290 814 370 855 525
398 794 687 876 ἥνδανεν
733 796 972 860 αὐτόθι
1018 805 1266 877 κοιτος,
1310 795 1452 859 ὑῶν
1498 796 1625 860 ἄπο
1671 803 2106 878 κοιμηθῆναι,

76 890 121 957 l'n
103 888 371 1008 oerffQ‘ff)
396 896 537 964 ἀλλ’
584 900 621 963 ὅ
668 897 727 981 γ’
774 896 878 983 ἄρ’
926 897 1048 976 ἔξω
1097 900 1218 979 Q
1264 900 1602 978 ὡπλίζετο·
1649 911 1834 984 χαῖρε
1881 898 1943 963 δ’
1988 897 2370 982 Ὀδυσσεύς,

397 1004 541 1069 ὅττί
581 1003 665 1089 ῥά
712 1005 783 1068 οἱ
821 1007 1050 1086 βιότου
1095 1005 1480 1088 περικήδετο
1526 1007 1773 1088 νόσφιν
1819 1004 2058 1081 ἐόντος.

395 1119 658 1192 πρῶτον
704 1105 826 1191 μὲν
874 1108 1063 1194 ξίφος
1108 1109 1225 1186 ὀξὺ
1271 1107 1423 1195 περὶ
1470 1113 1805 1194 στιβαροῖς
1849 1107 2064 1193 βάλετ’
2113 1111 2344 1193 ὤμοις,

397 1212 564 1298 ἀμφὶ
612 1210 686 1279 δὲ
731 1220 1010 1300 χλαῖναν
1059 1211 1306 1280 ἑέσσατ’
1352 1214 1784 1299 ἀλεξάνεμον,
1830 1216 2002 1299 μάλα
2045 1218 2335 1298 πυκνήν,

56 1298 165 1384 stu
181 1330 371 1381 cuz-530
398 1317 482 1383 αν
529 1320 571 1383 δ
574 1314 603 1383 ὲ
649 1320 859 1410 νάκην
905 1316 1066 1385 ε’λετ’
1112 1321 1297 1403 αἰγὸς
1343 1318 1691 1406 ἐυτρεφέος
1733 1320 2077 1407 μεγάλοιο,

396 1425 603 1489 εἵλετο
651 1423 711 1489 δ’
759 1425 920 1504 ὀξὺν
965 1428 1241 1509 ἄκοντα,
1286 1438 1511 1491 κυνῶν
1557 1424 1844 1510 ἀλκτῆρα
1888 1424 1996 1491 καὶ
2042 1425 2325 1510 ἀνδρῶν.

395 1530 481 1655 βῆ
526 1524 588 1590 δ’
633 1534 850 1611 ἴμεναι
893 1533 1091 1594 κείων
1138 1529 1255 1593 ὅθι
1299 1551 1421 1612 περ
1469 1530 1623 1605 σύες
1668 1528 2091 1615 ἀργιόδοντες

395 1631 596 1720 πέτρῃ
641 1633 771 1698 ὕπο
817 1639 1123 1719 γλαφυρῇ
1169 1629 1403 1716 εὗδον,
1447 1631 1675 1719 Βορέω
1722 1632 1834 1699 ὑπ’
1878 1636 2059 1742 ἰωγῇ.
2146 1626 2388 1709 Akdff„

1187 1854 1482 1861 ——.-.--.
1519 1856 1610 1861 --.-

1033 2017 1619 2091 ΟΔΤΣΣΕΙΑΣ
1674 2017 1760 2092 Ο.

475 2151 573 2217 ‘H
608 2151 669 2218 δ’
711 2154 806 2230 εἰς
851 2152 1219 2238 εὐρύχορον
1263 2154 1730 2237 Λακεδαίμονα
1776 2155 2048 2231 Παλλὰς
2085 2148 2332 2239 Ἀθήνη

397 2255 613 2348 ᾤχετ’,
651 2255 1009 2340 Ὀδυσσῆος
1053 2259 1447 2342 μεγαθύμου
1492 2259 1812 2344 φαίδιμον
1855 2259 2008 2325 υίὸν

396 2368 640 2430 νόστου
685 2363 1162 2447 ὑπομνήσουσα
1205 2363 1314 2429 καὶ
1362 2363 1768 2450 ὀτρυνέουσα
1813 2363 2100 2432 νέεσθαι.

396 2465 547 2556 εὗρε
595 2465 668 2534 δὲ
724 2463 1258 2555 Τηλέμαχονκαὶ
1302 2468 1642 2556 Νέστορος
1687 2469 1935 2553 ἀγλαὸν
1981 2471 2132 2536 υἱὸν

341 2603 368 2645 5
397 2572 658 2640 εὕδοντ’
701 2575 774 2639 ἐν
817 2577 1133 2661 προδόμῳ
1179 2576 1532 2639 Μενελάου
1577 2577 2000 2656 κυδαλίμοιο,

393 2682 540 2762 ἤτοι
584 2680 1004 2761 Νεστορίδην
1048 2683 1314 2764 μαλακῷ
1366 2678 1780 2760 δεδμημένον
1823 2678 2040 2764 ὕπνῳ·

404 2779 787 2866 Τηλέμαχον
834 2779 894 2847 δ’
942 2782 1061 2866 οὐχ
1105 2782 1312 2857 ὕπνος
1360 2784 1462 2865 ἔχε
1509 2782 1784 2863 γλυκύς,
1829 2779 1974 2845 ἀλλ’
2017 2780 2118 2846 ἐνὶ
2161 2789 2359 2870 θυμῷ

395 2889 602 2953 νύκτα
649 2884 739 2950 δι’
780 2885 1150 2970 ἀμβροσίην
1196 2887 1610 2968 μελεδήματα
1653 2888 1896 2971 πατρὸς
1941 2889 2209 2970 ἔγειρεν.

396 2993 605 3078 ἀγχοῦ
653 2989 715 3057 δ’
759 2988 1067 3074 ἱσταμένη
1113 2989 1410 3076 προσέφη
1457 2996 1830 3073 γλαυκῶπις
1868 2989 2140 3075 Ἀθήνη·

320 3127 372 3168 ιο
492 3093 893 3182 ,,Τηλέμαχ’,
939 3094 1158 3162 οὐκέτι
1203 3096 1370 3159 καλὰ
1417 3096 1642 3179 δόμων
1687 3099 1817 3163 ἄπο
1862 3095 2004 3180 τῆλ’
2055 3097 2405 3182 ἀλάλησαι,

396 3204 687 3287 κτήματά
730 3225 799 3267 τε
843 3201 1185 3285 προλιπὼν
1231 3202 1480 3284 ἄνδράς
1522 3198 1579 3266 τ’
1626 3201 1698 3266 ἐν
1745 3212 1919 3267 σοῖσι
1967 3202 2271 3285 δόμοισιν

398 3309 571 3375 οὕτω
615 3308 1089 3392 ὑπερφιάλους·
1136 3308 1224 3389 μή
1270 3331 1375 3372 τοι
1419 3307 1581 3372 κατὰ
1626 3307 1837 3371 πάντα
1883 3307 2143 3390 φάγωσι

399 3416 687 3496 κτήματα
734 3414 1168 3497 δασσάμενοι,
1216 3416 1297 3478 σὺ
1347 3409 1421 3478 δὲ
1465 3416 1745 3498 τητζσίην
1791 3411 1953 3477 ὁδὸν
1998 3415 2214 3500 ἔλθῃς.
2310 3398 2476 3483 νεῴ.

399 3514 540 3582 ἀλλ’
589 3518 823 3602 ὄτρυνε
868 3518 1139 3602 τάχιστα
1183 3519 1353 3602 βοὴν
1397 3516 1658 3600 ἀγαθὸν
1703 3517 2054 3584 Μενέλαον
