2650 3909
362 273 451 335 24
764 275 793 340 ξ
832 276 944 344 (14)
976 272 1281 336 Ὀδυσσέως
1315 274 1454 344 πρὸς
1491 275 1746 344 Εὔμαιον
1785 275 1985 346 ὁμιλία.

362 429 604 517 ἦλθον·
652 440 858 518 πλῆτο
907 432 980 500 δὲ
1024 444 1157 501 πᾶν
1202 437 1435 501 πεδίον
1479 439 1691 516 πεζῶν
1735 460 1806 502 τε
1850 436 1961 503 καὶ
2005 440 2223 502 ἵππων

361 545 608 622 χαλκοῦ
651 564 720 605 τε
769 549 1102 625 στεροπῆς.
1195 540 1268 606 ἐν
1315 537 1389 605 δὲ
1437 544 1605 618 Ζεὺς
1647 540 2154 628 τερπικέραυνος

67 626 299 759 Ἧιωζς,
363 646 577 736 φύζαν
625 645 804 730 ἐμοῖς
851 644 1138 730 ἑτάροισι
1182 647 1390 728 κακὴν
1437 646 1671 729 βάλεν,
1717 646 1884 712 οὐδέ
1922 670 2019 724 τις
2063 650 2212 732 ἔτλη

254 771 335 811 2⁷0
363 763 580 834 μεῖναι
627 750 1027 835 ἐναντίβιον·
1074 749 1225 836 περὶ
1270 752 1394 835 γὰρ
1440 752 1606 816 κακὰ
1651 751 1987 817 πάντοθεν
2034 755 2203 835 ἔστη.

362 853 506 920 ἔνθ’
552 855 773 939 ἡμέων
818 859 1106 932 πολλοὺς
1152 852 1273 939 μὲν
1320 854 1688 922 ἀπέκτανον
1735 855 1867 934 ὀξέι
1912 862 2164 944 χαλκῷ,

360 964 515 1036 τοὺς
559 957 619 1024 δ’
666 961 916 1042 ἄναγον
965 963 1199 1043 ζωούς,
1246 964 1478 1045 σφίσιν
1525 960 1912 1047 ἐργάζεσθαι
1957 960 2226 1047 ἀνάγκῃ.

362 1064 565 1150 αὐτὰρ
614 1063 759 1148 ἐμοὶ
807 1068 975 1142 Ζεὺς
1019 1065 1215 1142 αὐτὸς
1261 1064 1362 1131 ἐνὶ
1407 1068 1647 1150 φρεσὶν
1694 1061 1823 1132 ὧδε
1867 1070 2081 1149 νόημα

362 1167 582 1252 ποίησ’
626 1207 690 1216 -
731 1171 820 1246 ὡς
865 1172 1112 1254 ὄφελον
1156 1169 1430 1236 θανέειν
1474 1170 1585 1236 καὶ
1631 1175 1884 1256 πότμον
1930 1170 2225 1237 ἐπισπεῖν

255 1294 332 1335 275
361 1274 567 1340 αὐτοῦ
614 1275 686 1340 ἐν
733 1276 1075 1365 Αἰγύπτῳ·
1124 1279 1218 1340 ἔτι
1262 1276 1388 1362 γάρ
1435 1278 1521 1341 νύ
1567 1300 1647 1361 με
1693 1274 1850 1361 πῆμ’
1888 1276 2202 1344 ὑπέδεκτο
2242 1298 2335 1324 —·

360 1378 569 1445 αὐτίκ’
612 1381 740 1447 ἀπὸ
786 1384 1023 1468 κρατὸς
1066 1382 1311 1466 κυνέην
1360 1383 1675 1448 εὔτυκτον
1721 1384 1930 1466 ἔθηκα

358 1471 469 1550 καὶ
515 1487 712 1563 σάκος
757 1488 992 1571 ὤμοιιν
1003 1537 1023 1571 ,
1071 1489 1235 1574 δόρυ
1285 1485 1345 1552 δ’
1393 1490 1674 1572 ἔκβαλον
1720 1490 1942 1554 ἔκτοσε
1988 1494 2228 1575 χειρός·

363 1591 569 1677 αὐτὰρ
617 1592 742 1675 ἐγὼ
790 1597 1102 1677 βασιλῆος
1147 1592 1453 1659 ἐναντίον
1496 1596 1761 1677 ἤλυθον
1807 1596 2025 1658 ἵππων

359 1693 469 1759 καὶ
513 1697 683 1761 κύσα
728 1695 1006 1779 γούναθ’
1057 1695 1251 1762 ἑλών·
1300 1699 1337 1763 ὁ
1385 1696 1443 1762 δ’
1494 1697 1770 1783 ἐρύσατο
1816 1701 1933 1762 καί
1970 1694 2036 1781 μ’
2084 1696 2371 1781 ἐλέησεν,

254 1821 333 1862 280
360 1798 428 1876 ἐς
474 1802 719 1887 δίφρον
768 1801 846 1866 δέ
885 1800 953 1885 μ’
996 1801 1147 1878 ἕσας
1189 1804 1351 1886 ἄγεν
1398 1804 1623 1868 οἴκαδε
1672 1802 1881 1886 δάκρυ
1926 1800 2177 1886 χέοντα.

359 1899 400 1987 ἦ
447 1903 570 1988 μέν
614 1929 728 1989 μοι
772 1907 945 1990 μάλα
989 1905 1225 1972 πολλοὶ
1272 1906 1588 1991 έπήισσον
1634 1910 1936 1992 μελίῃσιν

363 2008 612 2094 ἱέμενοι
656 2021 932 2075 κτεῖναι·
980 2012 1062 2094 δὴ
1109 2013 1234 2097 γὰρ
1280 2013 1647 2095 κεχολώατο
1695 2015 1872 2096 λίην·

359 2111 505 2178 ἀλλ’
548 2113 677 2180 ἀπὸ
724 2126 940 2191 κεῖνος
987 2119 1210 2201 ἔρυκε,
1255 2118 1423 2192 Διὸς
1470 2114 1531 2180 δ’
1575 2115 1843 2195 ὠπίζετο
1890 2126 2092 2202 μῆνιν

358 2218 638 2304 ξεινίου,
685 2220 757 2297 ὅς
799 2243 869 2284 τε
915 2222 1193 2307 μάλιστα
1237 2229 1628 2305 νεμεσσᾶται
1673 2224 1838 2288 κακὰ
1886 2226 2059 2309 ἔργα.

252 2346 331 2388 285
363 2327 530 2389 ἔνθα
576 2320 700 2409 μὲν
746 2323 1042 2404 ἑπτάετες
1086 2325 1289 2412 μένον
1336 2327 1607 2412 αὐτόθι,
1652 2330 1864 2394 πολλὰ
1911 2327 1974 2395 δ’
2017 2332 2246 2417 ἄγειρα

358 2427 635 2516 χρήματ’
677 2428 783 2497 ἀν’
825 2433 1233 2528 Αίγυπτζους
1268 2434 1541 2519 ἄνδρας·
1590 2434 1866 2500 δίδοσαν
1902 2437 2028 2522 γὰρ
2072 2437 2369 2513 ἅπαντες.

358 2533 503 2600 ἀλλ’
546 2535 653 2599 ὅτε
700 2537 782 2620 δὴ
831 2537 1154 2619 ὀγδόατόν
1199 2561 1311 2621 μοι
1360 2537 1796 2621 ἐπιπλόμενον
1842 2543 1985 2616 ἔτος
2027 2535 2227 2624 ἦλθε,

359 2641 442 2722 δὴ
488 2642 632 2703 τότε
682 2641 916 2718 Φοῖνιξ
960 2635 1173 2723 ἦλθεν
1217 2640 1386 2726 ἀνὴρ
1434 2642 1757 2725 ἀπατήλια
1802 2644 2023 2726 εἰδώς,

33 2736 291 2805 ’ἐμω-ι...
357 2745 675 2840 τρρκτης,
722 2742 794 2819 ὃς
838 2744 922 2826 δὴ
967 2745 1180 2808 πολλὰ
1224 2742 1367 2809 κάκ’
1413 2746 1869 2827 ἀνθρώποισιν
1917 2746 2171 2833 ἐώργει·

255 2873 335 2912 290
364 2848 437 2924 ὅς
482 2845 551 2932 μ’
588 2850 705 2931 ἄγε
750 2849 1188 2933 παρπεπιθὼν
1231 2843 1345 2936 ᾖσι
1391 2852 1659 2936 φρεσίν,
1707 2849 1860 2938 ὄφρ’
1906 2853 2225 2936 ἱκόμεσθα

361 2938 719 3038 Φοινίκην,
765 2952 882 3017 ὅθι
927 2962 1048 3018 τοῦ
1092 2976 1166 3036 γε
1214 2954 1408 3037 δόμοι
1452 2953 1561 3020 καὶ
1605 2954 1872 3041 κτήματ’
1916 2960 2138 3026 ἔκειτο.

357 3062 526 3124 ἔνθα
569 3055 721 3144 παρ’
768 3058 944 3147 αὐτῷ
991 3070 1187 3142 μεῖνα
1230 3062 1632 3146 τελεσφόρον
1677 3063 1772 3138 εἰς
1818 3060 2138 3130 ἐνιαυτόν.

356 3162 500 3229 ἀλλ’
543 3164 650 3229 ὅτε
698 3164 780 3248 δὴ
827 3162 1029 3248 μῆνές
1073 3188 1141 3230 τε
1188 3163 1298 3230 καὶ
1342 3165 1577 3252 ἡμέραι
1624 3166 2030 3244 ἐξετελεῦντο

355 3267 448 3347 ἂψ
492 3268 1038 3355 περιτελλομένου
1086 3273 1259 3350 ἔτεος
1302 3269 1413 3336 καὶ
1435 3271 1799 3355 Ᾰέπήλυθον
1846 3266 2045 3358 ὧραι,
2200 3337 2236 3393 ᾖ
2429 3342 2432 3347 ,

247 3396 326 3437 295
356 3373 421 3452 ἐς
466 3376 730 3459 Λιβύην
776 3374 841 3459 μ’
887 3374 994 3442 ἐπὶ
1038 3380 1200 3462 νηὸς
1246 3376 1512 3466 §Qo
1557 3380 1997 3463 ποντοπόροιο
2231 3354 2310 3449 ἕο
2327 3370 2576 3452 ἴδηαι)

352 3480 600 3559 ψεύδεα
642 3483 1040 3565 βουλεύσας,
1084 3484 1196 3548 ἵνα
1242 3484 1312 3548 οἰ
1352 3486 1478 3548 σὺν
1523 3484 1776 3567 φόρτον
1821 3484 2080 3569 ἄγοιμι,
2482 3457 2569 3510 ΑΗ

351 3591 532 3652 κεῖθι
579 3584 660 3650 δέ
700 3583 768 3669 μ’
812 3586 900 3663 ὡς
942 3588 1242 3676 afflue
1287 3590 1397 3652 καὶ
1444 3589 1726 3654 ἄσπετον
1772 3584 1950 3656 ὦνον
1998 3589 2228 3657 ἕλοιτο.
