2650 3909
710 262 739 326 ξ
776 261 888 330 (14)
918 258 1221 322 Ὀδυσσέως
1258 260 1400 330 πρὸς
1436 260 1692 330 Εὔμαιον
1731 260 1933 330 ὁμιλία.
2246 260 2328 322 21

319 429 446 485 νῦν
493 415 579 484 αὖ
625 421 1598 505 παιδὸςὶᾶλαστον-ὃδύρομαι,
1653 421 1732 486 ὃν
1777 419 1907 487 τέκ’
1950 400 2341 504 Ὀδυσσεύς,

213 547 291 587 175
329 526 732 610 Τηλεμάχου.
820 528 940 591 τὸν
986 525 1124 591 ἐπεὶ
1167 525 1433 612 θρέψαν
1476 524 1630 590 θεοὶ
1674 529 1856 611 ἔρνεϊ
1900 522 2077 610 ἴσον,

58 559 206 714 vd)
318 634 435 694 καί
473 654 590 713 μιν
637 633 805 725 ἔφην
851 634 1164 697 ἔσσεσθαι
1209 631 1284 697 έν
1329 631 1656 717 ἀνδράσιν
1702 632 1784 697 οὔ
1828 656 1892 697 τι
1937 631 2156 719 χέρὲρι
2355 615 2571 732 (pub-ag.)

12 787 15 798 ,,
318 738 562 820 πατρὸς
608 733 743 802 ἑοῖο
790 741 1046 822 φίλοιο,
1094 736 1293 821 δέμας
1339 736 1449 802 καὶ
1495 733 1672 813 εἶδος
1716 736 1990 821 ἀγητόν·

318 843 436 907 τὸν
484 841 568 907 δέ
604 866 704 919 τις
747 842 1105 909 ἀθανάτων
1150 843 1363 929 βλάψε
1410 842 1658 928 φρένας
1702 844 1901 909 ἔνδον
1949 842 2124 918 ἐίσας

318 945 400 1031 ἠέ
438 970 535 1024 τις
579 947 982 1032 ἀνθρώπων·
1031 950 1067 1014 ὁ
1116 945 1179 1013 δ’
1219 950 1336 1032 ἔβη
1386 949 1545 1031 μετὰ
1589 949 1835 1027 πατρὸς
1878 946 2129 1030 ἀκουὴν

212 1075 289 1115 180
319 1053 385 1129 ἐς
430 1054 666 1119 Πύλον
711 1053 1033 1138 ἠγαθέην·
1086 1056 1203 1119 τὸν
1251 1050 1324 1118 δὲ
1371 1062 1735 1137 μνηστῆρες
1779 1051 2017 1136 ἀγαυοὶ

318 1156 528 1224 οἴκαδ’
578 1160 764 1224 ἰόντα
809 1164 1126 1245 λοχῶσιν,
1171 1159 1349 1236 ὅπως
1394 1158 1521 1225 ἀπὸ
1567 1164 1785 1243 φῦλον
1831 1160 2060 1253 ὄληται
2083 1159 2096 1171 ’

318 1266 631 1348 νώνυμον
678 1263 744 1341 ἐξ
783 1262 1045 1347 Ἰθάκης
1085 1257 1450 1349 Ἀρκεισίου
1497 1263 1853 1331 ἀντιθέοιο.

319 1363 466 1433 ἀλλ’
512 1370 660 1452 ἤτοι
705 1380 930 1435 κεῖνον
977 1365 1098 1451 μὲν
1144 1367 1456 1452 ἐάσομεν,
1500 1371 1542 1451 ἤ
1587 1393 1703 1434 κεν
1749 1369 1929 1455 ἁλώῃ

317 1469 359 1557 ἦ
405 1496 478 1538 κε
522 1474 704 1559 φύγῃ
750 1476 866 1538 καί
904 1471 1019 1538 κέν
1064 1474 1135 1538 οἰ
1172 1471 1467 1559 ὑπέρσχῃ
1514 1484 1700 1558 χεῖρα
1748 1477 2077 1559 Κρονίων.

215 1600 291 1641 185
320 1577 463 1644 ἀλλ’
510 1580 627 1662 ἄγε
675 1601 790 1662 μοι
838 1579 953 1661 σύ,
998 1577 1251 1663 γεραιέ,
1297 1578 1377 1642 τὰ
1424 1574 1483 1642 σ’
1529 1577 1734 1663 αὐτοῦ
1777 1574 1957 1661 κήδε’
2008 1576 2296 1663 ἐνίσπες,

318 1688 435 1749 καί
475 1708 588 1768 μοι
632 1680 809 1749 τοῦτ’
855 1683 1227 1769 ἀγόρευσον
1274 1683 1629 1768 ἐτήτυμον,
1677 1681 1827 1769 ὄφρ’
1874 1686 1949 1748 ἔυ
1994 1685 2177 1749 εἰδῶ·

318 1793 446 1871 τίς,
491 1793 706 1855 πόθεν
751 1791 845 1866 εἰς
888 1787 1185 1874 ἀνδρῶν;
1231 1791 1398 1854 πόθι
1442 1812 1545 1855 τοι
1589 1792 1779 1864 πόλις
1823 1784 1943 1872 ἠδὲ
1987 1797 2244 1872 tonsi-⁴³33

321 1895 597 1980 ὁπποίης
640 1892 695 1960 τ’
743 1893 849 1960 ἐπὶ
892 1897 1054 1978 νηὸς
1097 1894 1357 1980 ἀφίκεο·
1405 1902 1560 1971 πῶς’
1588 1893 1666 1958 δέ
1709 1910 1780 1959 σε
1826 1904 2062 1960 ναῦται

319 2003 573 2086 ἤγαγον
619 2003 713 2078 είς
752 1997 1051 2085 Ἰθάκην;
1098 2005 1272 2076 τίνες
1318 2002 1592 2085 ἔμμεναι
1638 2000 2067 2084 εὐχετόωντο;

216 2129 293 2168 190
321 2106 403 2171 οὐ
448 2102 570 2189 μὲν
615 2107 741 2193 γάρ
787 2110 857 2171 τί
899 2122 971 2171 σε
1018 2109 1211 2184 πεζὸν
1258 2107 1482 2190 ὀίομαι
1528 2102 1759 2171 ἐνθάδ’
1810 2104 2132 2171 ίκέσθαι.“

409 2213 528 2275 τὸν
565 2207 626 2275 δ’
670 2210 1196 2295 ἀπαμειβόμενος
1232 2209 1529 2295 προσέφη
1567 2212 1929 2294 πολύμητις
1957 2208 2337 2288 Ὀδυσσεύς·

413 2312 558 2398 „vol
602 2316 729 2400 γὰρ
776 2314 902 2397 ἐγώ
948 2338 1053 2381 τοι
1096 2325 1300 2380 ταῦτα
1346 2314 1497 2399 μάλ’
1540 2315 1860 2400 ἀτρεκέως
1905 2315 2265 2402 ἀγορεύσω.

322 2426 422 2504 εἴη
471 2415 592 2504 μὲν
635 2428 764 2485 νῦν
808 2430 975 2484 νῶιν
1022 2418 1129 2484 ἐπὶ
1174 2421 1421 2505 χρόνον
1464 2415 1631 2502 ἠμὲν
1677 2418 1894 2503 ἐδωδὴ

321 2523 440 2610 ἠδὲ
485 2524 662 2609 μέθυ
706 2527 1029 2610 γλυκερὸν
1074 2526 1332 2608 κλισίης
1376 2526 1694 2589 ἔντοσθεν
1742 2523 1956 2607 εὀῦσι,

217 2654 293 2695 195
322 2633 684 2698 δαίνυσθαι
729 2627 1012 2714 ἀκέοντ’,
1057 2630 1249 2696 ἄλλοι
1294 2627 1357 2693 δ’
1400 2626 1508 2694 ἐπὶ
1552 2631 1750 2714 ἔργον
1795 2630 2040 2697 ἕποιεν·

322 2738 595 2822 ῥηιδίως
637 2759 752 2802 κεν
799 2738 1019 2802 ἔπειτα
1063 2735 1172 2801 καὶ
1217 2738 1313 2812 είς
1360 2735 1666 2802 ἐνιαυτὸν
1711 2737 1967 2801 ἅπαντα

323 2844 403 2909 οὕ
448 2866 511 2907 τι
559 2840 983 2927 διαπρήξαιμι
1029 2841 1242 2924 λέγων
1290 2840 1414 2925 ἐμὰ
1458 2842 1661 2924 κήδεα
1704 2848 1965 2926 θυμοῦ,

321 2947 485 3012 ὅσσά
530 2970 604 3030 γε
650 2948 734 3030 δὴ
780 2947 1120 3031 ξύμπαντα
1161 2953 1346 3012 θεῶν
1393 2948 1600 3031 ἰότητι
1651 2949 1925 3031 μόγησα.

322 3052 394 3118 ἐκ
438 3048 560 3136 μὲν
606 3052 931 3136 Κρητάων
977 3051 1168 3135 γένος
1213 3053 1487 3137 εὔχομαι
1533 3052 1882 3137 εὐρειάων,

215 3182 293 3222 200
319 3157 554 3244 ἀνέρος
597 3155 901 3241 ἀφνειοῖο
945 3157 1124 3234 πάις·
1169 3155 1406 3223 πολλοὶ
1453 3153 1526 3222 δὲ
1570 3155 1681 3222 καὶ
1716 3158 1908 3222 ἄλλοι

318 3256 458 3340 υἷες
503 3261 605 3329 ἐνὶ
650 3263 914 3352 μεγάρῳ
960 3258 1126 3346 ἠμὲν
1169 3262 1420 3348 τράφεν
1465 3258 1587 3346 ἠδὲ
1631 3261 1907 3344 γένοντο

317 3372 581 3452 γνήσιοι
627 3367 692 3446 ἐξ
740 3367 1011 3453 ἀλόχου·
1060 3363 1172 3452 ἐμὲ
1218 3364 1280 3433 δ’
1326 3368 1543 3451 ὠνητὴ
1589 3365 1730 3431 τέκε
1776 3369 1986 3454 μήτηρ

317 3477 669 3558 παλλακίς,
715 3473 881 3538 ἀλλά
926 3497 1006 3557 με
1056 3467 1203 3539 ἴσον
1251 3472 1711 3556 ίθαγενέεσσιν
1757 3471 1944 3557 ἐτίμα

317 3579 598 3664 Κάστωρ
634 3576 1006 3662 Ὑλακίδης,
1050 3588 1170 3645 τοῦ
1217 3578 1346 3663 ἐγὼ
1391 3575 1583 3662 γένος
1627 3579 1901 3665 εὔχομαι
1947 3573 2143 3645 εἶναι·
