2650 3909
780 224 814 262 σ
847 210 959 278 (18)
991 204 1295 270 Ὀδυσσέως
1332 207 1428 261 καὶ
1455 203 1604 277 Ἴρου
1640 207 1846 278 πυγμή.
2244 210 2328 273 89

314 367 459 434 ἕλκε
506 365 591 433 δι’
641 366 714 433 ἐκ
756 369 1129 453 προθύροιο
1176 369 1402 451 λαβὼν
1441 369 1676 451 ποδός,
1722 366 1874 454 ὄφρ’
1917 366 2072 434 ἵκετ’
2120 369 2331 451 αὐλὴν

313 473 640 557 αἰθούσης
683 495 752 537 τε
796 474 1037 569 θύρας·
1083 476 1201 537 καί
1240 497 1357 557 μιν
1400 471 1552 539 ποτὶ
1599 470 1821 558 ἑρκίον
1863 473 2066 558 αὐλῆς

312 572 490 644 εἷσεν
536 578 923 660 ἀνακλίνας,
969 586 1300 663 σκῆπτρον
1348 576 1427 642 δέ
1468 579 1540 643 οἰ
1579 581 1819 662 ἔμβαλε
1864 578 2035 664 χειρὶ

311 686 428 749 καί
466 708 581 767 μιν
627 686 942 767 φωνήσας
988 672 1161 747 «ἔπεαἰ
1189 686 1544 768 πτερόεντα
1588 685 1962 766 προσηύδα·

206 819 283 860 105
402 797 769 882 »ἐνταυθοῖ
808 806 937 863 νῦν
982 792 1105 880 ἧσο
1154 798 1316 873 σύας
1360 821 1428 862 τε
1473 799 1678 874 κύνας
1722 795 1777 862 τ’
1828 797 2205 881 ἀπερύκων,

311 900 479 986 μηδὲ
525 904 684 986 σύγε
732 901 968 980 ξείνων
1012 900 1123 967 καὶ
1167 913 1446 987 πτωχῶν
1490 907 1799 988 κοίρανος
1843 899 2014 968 εἶναι

313 1010 557 1092 λυγρὸς
601 1007 761 1091 ἐών,
806 1010 896 1091 μή
942 1029 1073 1073 που
1119 1031 1183 1072 τι
1227 1011 1432 1073 κακὸν
1476 1007 1586 1073 καὶ
1632 1012 1854 1092 μεῖζον
1902 1008 2214 1094 έπαύρῃ.“

401 1116 443 1204 ἦ
491 1121 577 1212 ῥα
622 1119 731 1186 καὶ
778 1119 940 1206 ἀμφ’
988 1124 1267 1206 ὤμοισιν
1312 1121 1533 1187 ἀεικέα
1577 1124 1853 1205 βάλλετο
1898 1125 2147 1208 πήρην,

311 1228 529 1292 πυκνὰ
575 1224 947 1312 ῥωγαλέην·
995 1225 1069 1292 ἐν
1115 1223 1189 1291 δὲ
1237 1230 1522 1311 στρόφος
1567 1222 1686 1310 ἦεν
1733 1226 1994 1312 ἀορτήρ.

205 1355 282 1394 110
309 1331 401 1410 ἂψ
439 1328 500 1396 δ’
537 1331 574 1396 ὅ
612 1330 673 1415 γ’
711 1327 810 1397 ἐπ’
851 1332 1059 1397 οὐδὸν
1087 1334 1209 1396 ἰὼν
1237 1330 1378 1396 κατ’
1403 1331 1508 1418 ἄρ’
1536 1332 1727 1410 ἕζετο.
1772 1331 1876 1399 τοὶ
1906 1330 1967 1397 δ’
1994 1338 2144 1397 ἴσαν
2172 1339 2329 1397 εἴσω

313 1438 443 1520 ἡδὺ
489 1438 848 1520 γελώοντες
892 1434 1002 1501 καὶ
1049 1431 1470 1530 δεικανόωντ’
1518 1435 1843 1502 ἐπέεσσιν·
1936 1419 2174 1557 W

202 1537 312 1585 111⁸
330 1534 441 1594 ὧδε
479 1537 544 1594 δέ
578 1560 662 1603 τις
699 1542 919 1595 εἴπεσκε
955 1536 1100 1594 νέων
1137 1537 1657 1610 ὑπερηνορεόντων·

402 1640 618 1722 ,,Ζεύς
662 1661 764 1704 τοι
810 1640 995 1723 δοίη,
1042 1638 1241 1720 ξεῖνε,
1292 1636 1404 1703 καὶ
1449 1638 1775 1705 ἀθάνατοι
1819 1636 1970 1703 θεοὶ
2016 1641 2201 1704 ἄλλοι

311 1743 450 1809 ὅττι
496 1738 755 1828 μάλιστ’
801 1742 1054 1821 ἐθέλεις
1098 1747 1217 1809 καί
1254 1766 1359 1810 τοι
1406 1749 1606 1829 φίλον
1652 1747 1880 1810 ἔπλετο
1924 1749 2156 1853 θυμρό,

312 1849 385 1926 ὃς
431 1858 667 1914 τοῦτον
713 1851 832 1915 τὸν
878 1851 1164 1944 ἄναλτον
1210 1849 1552 1935 ἀλητεύειν
1598 1848 1976 1925 ἀπέπαυσας
2080 1818 2435 1914 MJK(

202 1959 281 2002 115
311 1947 373 2007 ἒν
411 1950 593 2024 δήμῳ·
630 1950 776 2022 τάχα
811 1951 917 2023 γάρ
955 1973 1051 2023 μιν
1089 1953 1372 2023 ἀνάξομεν
1409 1953 1643 2024 ἤπειρον
1682 1951 1745 2008 δὲ

310 2038 391 2102 εἰς
417 2036 649 2108 Ἔχετον
688 2042 952 2112 βασιλῆα,
991 2042 1205 2113 βροτῶν
1242 2040 1532 2112 δηλήμονα
1567 2040 1849 2098 πάντων.“

398 2138 487 2215 ὣς
531 2137 638 2224 ἄρ’
681 2141 882 2224 ἔφαν,
926 2152 1154 2226 χαῖρεν
1201 2138 1276 2206 δὲ
1320 2143 1631 2233 κλεηδόνι
1679 2143 1822 2217 δῖος
1861 2138 2228 2218 Ὀδυσσεύς.
2280 2162 2516 2203 Μ

301 2242 637 2320 Ἀντίνοος
684 2241 747 2309 δ’
794 2247 922 2329 ἄρα
970 2247 1040 2311 οἱ
1079 2247 1372 2331 μεγάλην
1416 2247 1593 2332 παρὰ
1638 2244 1920 2338 γαστέρα
1965 2253 2202 2329 θῆκεν,
2233 2237 2548 2345 {madan-'ug

310 2348 623 2434 ἐμπλείην
667 2352 896 2431 κνίσης
941 2372 1008 2413 τε
1054 2349 1163 2414 καὶ
1210 2351 1503 2433 αἵματος·
1546 2347 1944 2435 Ἀμφίνομος
1991 2346 2065 2414 δὲ

202 2477 281 2517 180
309 2456 549 2540 ἄρτους
594 2453 664 2519 ἐκ
709 2452 972 2519 κανέοιο
1019 2455 1158 2519 δύω
1203 2452 1582 2539 παρέθηκεν
1628 2453 1848 2539 ἀείρας

307 2557 419 2625 καὶ
464 2558 661 2624 δέπαι·
701 2557 960 2648 χρυσέῳ
1008 2560 1371 2629 δειδίσκετο
1416 2556 1726 2645 φώνησέν
1770 2578 1866 2624 τε·

399 2684 658 2758 ,,χαῑρε,
702 2675 905 2755 πάτερ
953 2669 1005 2738 ὦ
1052 2674 1249 2752 ξεῖνε·
1298 2673 1558 2758 γένοιτό
1603 2698 1705 2741 τοι
1753 2677 1819 2751 ἔς
1861 2695 1983 2759 περ
2029 2675 2281 2740 ὀπίσσω

307 2781 530 2862 ὄλβος·
577 2777 739 2861 ἀτὰρ
786 2775 910 2863 μὲν
955 2789 1084 2845 νῦν
1128 2803 1202 2863 γε
1248 2791 1473 2856 κακοῖς
1519 2782 1694 2865 ἔχεαι
1738 2778 2103 2846 πολέεσσι.“

396 2894 512 2957 τὸν
556 2889 616 2956 δ’
662 2891 1185 2977 ἀπαμειβόμενος
1218 2892 1517 2978 προσέφη
1553 2896 1916 2977 πολύμητις
1945 2892 2323 2972 Ὀδυσσεύς·

200 3017 279 3060 125
398 2991 815 3082 ,,Ἀμφίνομ’,
859 2992 901 3080 ἦ
949 2999 1121 3082 μάλα
1167 3022 1280 3081 μοι
1327 2995 1576 3074 δοκέεις
1619 2997 2033 3081 πεπνυμένος
2077 2994 2274 3063 εἶναι·

308 3106 494 3168 τοίου
464 3100 835 3209 ’,γαρ-καὶ-
864 3105 1141 3186 πατρός,
1189 3101 1328 3166 ἐπεὶ
1373 3101 1562 3178 κλέος
1608 3101 1855 3167 ἐσθλὸν
1901 3102 2179 3185 ἄκουον,
2287 3141 2398 3182 ηε.
2442 3085 2544 3193 ζεῖ

305 3211 529 3274 Νῖσον
576 3212 946 3291 Δουλιχιῆα
993 3206 1109 3271 έύν
1155 3203 1209 3271 τ’
1261 3210 1415 3290 ἔμεν
1462 3205 1741 3291 ἀφνειόν
1786 3225 1880 3270 τε·

305 3322 426 3379 τοῦ
474 3310 534 3377 σ’
578 3316 650 3378 ἔκ
694 3330 858 3398 φασι
906 3310 1251 3395 γενέσθαι,
1297 3311 1496 3413 έῃτῇ
1544 3309 1606 3377 δ’
1651 3310 1850 3397 ἀνδρὶ
1895 3314 2128 3389 ἔοικας.
2200 3294 2548 3377 &Lm-...s

305 3419 589 3484 τοῦνεκά
631 3442 736 3485 τοι
784 3415 978 3504 ἐρέω,
1024 3420 1108 3482 σὺ
1155 3414 1231 3482 δὲ
1277 3420 1525 3483 σύνθεο
1570 3420 1688 3482 καί
1726 3440 1848 3501 μευ
1895 3418 2213 3484 ἄκουσον·

194 3545 276 3586 130
305 3520 508 3589 οὐδὲν
553 3522 984 3615 ἀκιδνότερον
1030 3534 1183 3605 γαῖα
1228 3521 1453 3608 τρέφει
1498 3522 1883 3608 ἀνθρώποιο
2171 3524 2328 3605 ἰμ’νὶυ
