2650 3909
366 215 496 278 100
734 234 765 268 τ
802 214 913 284 (19)
946 210 1249 276 Ὀδυσσέως
1284 212 1383 267 καὶ
1418 211 1750 282 Πηνελόπης
1787 213 1987 282 ὁμιλία.

363 376 451 459 μή
498 395 636 450 πως
681 371 1104 459 οἰνωθέντες,
1149 377 1292 460 ἔριν
1339 377 1691 457 στήσαντες
1736 372 1809 437 ἐν
1852 372 2045 454 ὑμῖν,

365 479 688 563 ἀλλήλους
731 481 1018 563 τρώσητε
1063 477 1539 563 καταισχύνητέ
1577 501 1644 542 τε
1690 479 1881 542 δαῖτα

364 582 473 648 καὶ
518 585 839 670 μνηστύν·
893 584 1089 661 αὐτὸς
1133 585 1259 667 γὰρ
1306 582 1645 667 ἐφέλκεται
1690 584 1902 667 ἄνδρα
1949 580 2302 665 σίδηρος.’”“

362 681 366 686 ’
455 688 543 767 ὣς
586 690 787 774 φάτο,
843 688 1216 774 Τηλέμαχος
1261 685 1336 752 δὲ
1380 692 1553 777 φίλῳ
1600 686 1982 752 ἐπεπείθετο
2027 688 2255 768 πατρί,

287 815 338 855 15
366 792 439 858 ἐκ
484 790 558 858 δὲ
600 796 1082 877 καλεσσάμενος
1126 793 1423 878 προσέφη
1470 795 1720 882 τροφὸν
1766 791 2208 877 Εὐρύκλειαν·

457 894 663 983 ,,μαῖ’,
709 901 825 983 ἄγε
874 901 955 982 δή
1002 924 1116 983 μοι
1162 897 1398 983 ἔρυξον
1446 897 1545 963 ἐνὶ
1592 898 1934 983 μεγάροισι
1977 906 2324 980 γυναῖκας,

367 1004 542 1089 ὄφρά
586 1027 699 1069 κεν
747 1003 814 1081 ἐς
855 1004 1164 1087 θάλαμον
1208 1007 1641 1085 καταθείομαι
1687 1004 1873 1067 ἔντεα
1916 1003 2159 1086 πατρὸς

366 1110 564 1193 καλά,
608 1110 689 1173 τά
734 1133 847 1198 μοι
891 1111 1053 1174 κατὰ
1101 1104 1288 1174 οἶκον
1334 1085 1579 1191 ἀκηδέα
1623 1109 1870 1190 καπνὸς
1914 1104 2183 1199 ἀμέρδει
2247 1103 2422 1178 &aaz

368 1217 611 1295 πατρὸς
654 1212 1143 1306 ἀποιχομένοιο·
1193 1213 1319 1296 ἐγὼ
1369 1211 1427 1278 δ’
1477 1216 1571 1277 ἔτι
1613 1215 1848 1296 νήπιος
1893 1207 1993 1296 ἧα.

287 1342 340 1380 20
366 1329 493 1384 νῦν
541 1317 602 1384 δ’
648 1318 858 1384 ἐθέλω
905 1318 1350 1403 καταθέσθαι,
1396 1313 1484 1383 ἵν’
1529 1318 1611 1383 οὐ
1655 1320 1863 1402 πυρὸς
1907 1313 2059 1395 ἵξετ’
2102 1314 2374 1397 ἀυτμή.“

455 1426 570 1489 τὸν
618 1418 681 1488 δ’
723 1419 877 1489 αὖτε
923 1421 1267 1506 προσέειπε
1313 1426 1473 1507 φίλη
1519 1407 1765 1508 τροφὸς
1809 1422 2205 1507 Εὐρύκλεια·

457 1531 574 1611 „al”
613 1530 739 1614 γὰρ
788 1530 871 1610 δή
916 1551 1103 1611 ποτε,
1150 1526 1417 1614 τέκνον,
1465 1527 1914 1612 ἐπιφροσύνας
1957 1524 2219 1591 ἀνέλοιο

368 1640 555 1699 οἴκου
600 1636 924 1716 κήδεσθαι
969 1632 1078 1698 καὶ
1122 1635 1413 1716 κτήματα
1458 1632 1670 1697 πάντα
1714 1631 2096 1715 φυλάσσειν.

368 1735 509 1802 ἀλλ’
554 1739 703 1822 ἄγε,
748 1742 845 1814 τίς
888 1762 991 1803 τοι
1024 1740 1257 1812 ,ἔπειτα
1303 1735 1733 1821 μετοιχομένη
1779 1736 1948 1826 φάος
1994 1741 2187 1812 οἴσεις

288 1867 338 1907 25
368 1844 590 1931 δμῳὰς
635 1840 695 1907 δ’
742 1843 864 1908 οὐκ
909 1849 1046 1918 εἴας
1088 1841 1630 1925 προβλωσκέμεν,
1676 1842 1751 1904 αἵ
1789 1863 1903 1904 κεν
1949 1841 2287 1923 ἔφαινον.“

453 1949 575 2031 τὴν
621 1946 682 2012 δ’
728 1942 811 2012 αὗ
867 1945 1240 2031 Τηλέμαχος
1283 1944 1695 2029 πεπνυμένος
1740 1943 1967 2009 ἀντίον
2011 1944 2209 2026 ηὔδα·

459 2051 714 2135 ,,ξεῖνος
758 2049 857 2146 ὅδ’
879 2072 894 2086 ·
941 2052 1022 2116 οὐ
1059 2052 1185 2135 γὰρ
1223 2050 1464 2134 ἀεργὸν
1504 2048 1815 2133 ἀνέξομαι
1852 2048 1926 2124 ὅς
1959 2071 2074 2112 κεν
2113 2048 2269 2132 ἐμῆς
2305 2073 2377 2132 γε

369 2160 660 2250 χοίνικος
705 2158 1011 2239 ἅπτηται,
1056 2154 1165 2220 καὶ
1210 2159 1497 2237 τηλόθεν
1546 2154 2013 2238 εἰληλουθώς.“

408 2312 411 2316 ,
459 2262 547 2338 ὣς
591 2259 698 2343 ἄρ’
742 2261 1113 2345 ἐφώνησεν,
1158 2269 1235 2345 τῇ
1283 2258 1347 2324 δ’
1389 2262 1665 2344 ἄπτερος
1710 2262 1937 2323 ἔπλετο
1984 2264 2224 2341 μῦθος·

28 2355 201 2418 dm>-
289 2393 343 2431 zo
368 2369 678 2471 ufflwo'ev
717 2363 791 2431 δὲ
836 2367 1052 2452 θύρας
1096 2366 1401 2451 μεγάρων
1447 2365 1981 2430 εύναιεταόντων.
2043 2350 2053 2358 ’

367 2474 456 2537 τὼ
504 2470 562 2536 δ’
610 2470 716 2558 ἄρ’
757 2468 1091 2549 ἀναΐξαντ’
1135 2469 1443 2546 Ὀδυσεὺς
1486 2468 1596 2534 καὶ
1639 2471 1953 2553 φαίδιμος
1994 2470 2140 2544 υίὸς

369 2577 692 2661 ἐσφόρεον
737 2575 1033 2659 κόρυθάς
1077 2596 1144 2638 τε
1190 2572 1300 2637 καὶ
1347 2573 1627 2650 ἀσπίδας
1672 2571 2127 2657 ὀμφαλοέσσας

372 2682 564 2765 ἔγχεά
608 2678 664 2744 τ’
711 2678 1049 2757 ὀξυόεντα·
1096 2677 1382 2758 πάροιθε
1429 2674 1504 2741 δὲ
1548 2678 1821 2753 Παλλὰς
1860 2673 2141 2760 Ἀθήνη,

370 2785 652 2869 χρύσεον
699 2784 946 2867 λύχνον
994 2784 1262 2865 ἔχουσα,
1307 2781 1476 2864 φάος
1520 2777 1903 2865 περικαλλὲς
1948 2780 2171 2847 ἐποίει.

289 2911 343 2951 35
373 2890 456 2973 δὴ
501 2891 645 2953 τότε
701 2885 1075 2970 Τηλέμαχος
1117 2887 1579 2970 προσεφώνεεν
1625 2885 1704 2950 ὃν
1749 2883 1973 2971 πατέρ’
2028 2882 2214 2965 αἶψα·

20 3051 21 3058 ,
461 2989 558 3079 ,,ὦ
605 2992 830 3075 πάτερ,
874 2986 915 3073 ἦ
962 2989 1126 3075 μέγα
1169 2997 1402 3073 θαῦμα
1437 2988 1574 3056 τόδ’
1621 2991 2071 3074 ὀφθαλμοῖσιν
2113 2990 2380 3075 ὁρῶμαι.

53 3123 127 3164 ..Γ
146 3119 332 3158 εωμ·
371 3102 576 3190 {gg—225
619 3122 733 3182 μοι
779 3108 988 3182 τοῖχοι
1032 3095 1339 3181 μεγάρων
1383 3098 1584 3182 καλαί
1622 3118 1689 3161 τε
1736 3088 2295 3187 μεσόδμαιΝνκσ-«ἏΛ
2333 3072 2546 3144 Μ

35 3197 698 3269 ικῃιὼωηείλάτιναί
735 3225 804 3267 τε
853 3200 1040 3290 δοκοὶ
1084 3199 1194 3266 καὶ
1238 3203 1459 3277 κίονες
1500 3197 1696 3279 ‘infida’
1743 3202 2002 3285 ἔχοντες
2070 3185 2220 3284 (αλιι.)

373 3306 673 3393 φαίνοντ’
720 3308 1095 3392 ὀφθαλμοῖς
1139 3308 1229 3383 ὡς
1272 3309 1336 3371 εί
1376 3308 1583 3391 πυρὸς
1627 3302 2034 3387 αἰθομένοιο.

293 3408 415 3494 4οῆ
463 3413 636 3496 μάλα
681 3436 779 3489 τις
820 3415 982 3489 θεὸς
1027 3414 1257 3496 ἔνδον,
1303 3415 1375 3477 οἳ
1415 3410 1703 3494 οὐρανὸν
1748 3408 2285 3492 εὐρὺνοέχουσιὲ·

464 3519 580 3581 τὸν
623 3513 685 3580 δ’
730 3516 1250 3601 ἀπαμειβόμενος
1283 3513 1581 3601 προσέφη
1618 3514 1981 3597 πολύμητις
2009 3509 2384 3590 Ὀδυσσεύς·

2636 960 2638 1049 1
