2650 3909
913 296 943 343 χ
981 276 1094 346 (22)
1130 275 1603 344 μνηστηροφονία.
2133 269 2256 332 161

244 439 455 520 τάων,
500 440 574 501 αἳ
615 437 699 519 δὴ
747 435 868 520 ἐμῇ
913 440 1165 520 κεφαλῇ
1210 432 1353 499 κατ’
1395 435 1655 498 ὀνείδεα
1701 443 1903 518 χεῦαν

246 540 474 628 μητέρι
515 539 588 605 θ’
633 539 947 625 ἡμετέρῃ,
990 540 1167 625 παρά
1210 563 1279 604 τε
1325 547 1734 623 μνηστῆρσιν
1782 535 2034 601 ἴαυον.“

136 671 218 712 ιω
333 647 422 724 ὣς
465 643 571 727 ἄρ’
616 647 774 731 ἔφη,
819 644 927 710 καὶ
972 656 1215 729 πεῖσμα
1260 645 1412 720 νεὸς
1454 639 1955 729 κυανοπρῴροιο

244 757 469 828 κίονος
515 750 754 830 ἐξάψας
798 749 1084 834 μεγάλης
1127 751 1478 834 περίβαλλε
1525 750 1793 830 θόλοιο,
2648 814 2649 819 1

242 854 442 937 ὑψόσ’
488 855 963 937 ἐπεντανύσας,
1007 856 1096 938 μή
1141 877 1239 929 τις
1281 852 1482 919 ποσὶν
1531 848 1734 929 οὖδας
1777 853 2004 917 ἵκοιτο.
2340 905 2365 924 „

10 948 333 1042 munh-‚ebe
379 959 439 1027 δ’
485 956 581 1026 ὅτ’
622 960 706 1025 ἂν
752 960 793 1044 ἢ
838 963 1056 1044 κίχλαι
1102 961 1563 1047 τανυαοζίπτεροι
1608 954 1683 1041 ἠὲ
1727 955 1980 1022 πέλειαι
2025 923 2258 1078 ῑγιΝῇ
2284 967 2482 1059 wvvwi
2648 930 2649 963 ³

43 1063 198 1141 ‘Mis
246 1068 419 1158 ἕρκει
466 1064 857 1148 ἐνιπλήξωσι
872 1049 1013 1147 ‚⁶26
1058 1061 1130 1129 θ’
1177 1062 1414 1149 ἑστήκῃ
1462 1061 1561 1128 ἐνὶ
1606 1064 1880 1149 θάμνῳ,
2252 1143 2265 1156 .
2300 1065 2309 1071 ’

9 1144 221 1238 Μτο
247 1169 442 1245 οῶλιν
489 1169 847 1257 ἐσιέμεναι,
893 1172 1209 1255 στυγερὸς
1254 1166 1316 1233 δ’
1360 1167 1718 1247 ὑπεδέξατο
1765 1180 1983 1245 κοῖτος
1995 1147 2336 1263 ,ἏΜῖΛνκς
2399 1140 2455 1223 Ε

249 1277 337 1354 ὣς
382 1279 456 1341 αἵ
496 1273 556 1359 γ’
603 1273 808 1359 ἑξείης
851 1275 1138 1359 κεφαλὰς
1182 1277 1370 1359 ἔχον,
1416 1272 1584 1357 ἀμφὶ
1631 1270 1705 1337 δὲ
1749 1274 1987 1350 πάσαις

249 1384 505 1467 δειρῇσι
550 1382 781 1464 βρόχοι
825 1374 1028 1464 ἦσαν,
1074 1380 1250 1455 ὅπως
1295 1385 1588 1444 οἴκτιστα
1631 1378 1927 1444 θάνοιεν.

246 1482 694 1571 ἤσπαιρον-δὲ
738 1487 1015 1550 πόδεσσι
1061 1484 1360 1568 μίνυνθά
1403 1505 1560 1567 περ,
1605 1484 1686 1548 οὔ
1733 1506 1794 1547 τι
1839 1484 2011 1566 μάλα
2057 1485 2203 1568 δήν.

338 1590 411 1656 ἐκ
457 1588 529 1656 δὲ
564 1591 964 1656 Μελάνθιον
1008 1585 1175 1673 ἦγον
1223 1587 1350 1654 ἀνὰ
1386 1591 1736 1673 πρόθυρόν
1772 1611 1840 1653 τε
1877 1590 1987 1653 καὶ
2024 1588 2260 1671 αὐλήν·

142 1718 223 1759 4⁷⁶
249 1708 369 1762 τοῦ
416 1693 478 1761 δ’
522 1695 650 1760 ἀπὸ
697 1692 819 1779 μὲν
866 1695 1058 1778 ῥῖνάς
1101 1716 1170 1759 τε
1216 1692 1326 1759 καὶ
1373 1678 1580 1760 οὔατα
1624 1692 1811 1777 νηλέι
1857 1698 2075 1781 χαλκῷ

249 1803 532 1886 τάμνον,
578 1801 789 1884 μήδεά
834 1797 891 1865 τ’
936 1798 1280 1884 ἐξέρυσαν,
1324 1798 1520 1864 κυσὶν
1568 1799 1711 1882 ὠμὰ
1757 1799 2123 1881 δάσασθαι,

249 1908 468 1992 χεῖράς
512 1901 568 1971 τ’
612 1902 732 1989 ἠδὲ
776 1906 985 1982 πόδας
1028 1908 1277 1970 κόπτον
1321 1908 1659 1988 κεκοτηότι
1702 1911 1920 1993 θυμῷ.

341 2014 410 2077 οἰ
449 2008 572 2095 μὲν
616 2006 812 2075 ἔπειτ’
861 1998 1345 2094 ἀπονιψάμενοι
1390 2012 1611 2096 χεῖράς
1655 2034 1724 2075 τε
1769 2012 1977 2087 πόδας
2020 2033 2088 2074 τε

252 2119 345 2193 είς
383 2113 667 2199 Ὀδυσῆα
714 2117 925 2198 δόμον
972 2111 1046 2179 δὲ
1090 2119 1272 2199 κίον,
1316 2114 1646 2180 τετέλεστο
1694 2112 1768 2179 δὲ
1815 2118 2039 2201 ἔργον·

145 2243 228 2284 480
254 2221 461 2301 αὐτὰρ
507 2220 545 2283 ὅ
591 2243 665 2302 γε
710 2217 1054 2303 προσέειπε
1100 2223 1304 2302 φίλην
1349 2222 1601 2304 τροφὸν
1646 2221 2088 2301 Εὐρύκλειαν·

345 2320 527 2408 ,,οἷσε
571 2323 832 2407 θέειον,
887 2323 1089 2407 γρηΰ,
1135 2334 1354 2387 κακῶν
1401 2325 1588 2408 ἄκος,
1640 2320 1778 2388 οἶσε
1825 2322 1906 2388 δέ
1945 2348 2059 2408 μοι
2103 2335 2267 2408 πῦρ,

254 2433 428 2515 ὄφρα
472 2431 767 2494 θεειώσω
815 2427 1123 2513 μέγαρον.
1213 2431 1296 2492 σὺ
1345 2424 1419 2492 δὲ
1464 2432 1924 2511 Πηνελόπειαν

256 2535 480 2601 ἐλθεῖν
526 2529 759 2600 ἐνθάδ’
801 2536 1059 2619 ἄνωχθι
1106 2535 1234 2598 σὺν
1280 2532 1713 2618 ἀμφιπόλοισι
1759 2532 2045 2616 γυναιξί·

254 2642 464 2717 πάσας
510 2634 569 2704 δ’
614 2642 899 2724 ὄτρυνον
945 2639 1167 2727 δμῳὰς
1209 2641 1374 2705 κατὰ
1419 2641 1607 2723 δῶμα
1649 2637 1985 2727 νέε-ςθαιὲ(
2102 2668 2251 2705 cam
2286 2650 2405 2748 (Ast)

148 2768 229 2808 4⁸⁶
343 2748 461 2811 τὸν
506 2739 569 2810 δ’
612 2740 766 2809 αὐτε
811 2743 1156 2828 προσέειπε
1202 2749 1363 2831 φίλη
1409 2747 1655 2829 τροφὸς
1698 2746 2096 2831 Εὐρύκλεια·

239 2874 253 2891 “
346 2848 500 2934 ,,ναὶ
545 2851 629 2932 δὴ
676 2851 879 2915 ταῦτά
922 2873 1022 2935 γε,
1066 2848 1300 2916 τέκνον
1340 2850 1524 2935 ἐμόν,
1569 2853 1731 2916 κατὰ
1767 2863 2007 2937 μοῖραν
2044 2853 2268 2928 ἔειπες.

258 2954 401 3020 ἀλλ’
443 2957 561 3038 ἄγε
606 2978 709 3019 τοι
754 2956 1033 3038 χλαῖνάν
1078 2978 1148 3020 τε
1192 2958 1437 3040 χιτῶνά
1481 2979 1550 3020 τε
1596 2953 1805 3040 εἵματ’
1850 2957 2078 3022 ἐνείκω
2095 3005 2112 3037 ,

257 3057 408 3144 μηδ’
455 3060 628 3125 οὕτω
676 3059 944 3144 ῥάκεσιν
990 3059 1486 3144 πεπυκασμένος
1530 3058 1758 3145 εὐρέας
1804 3062 2022 3144 ὤμους

260 3163 482 3229 ἕσταθ’
530 3163 629 3230 ἐνὶ
675 3164 1045 3248 μεγάροισι·
1090 3168 1495 3249 νεμεσσητὸν
1540 3163 1620 3230 δέ
1658 3188 1774 3230 κεν
1817 3166 1982 3249 εἴη.“

152 3293 233 3332 490
348 3271 469 3353 τὴν
507 3268 569 3335 δ’
614 3269 1135 3353 ἀπαμειβόμενος
1170 3270 1470 3356 προσέφη
1507 3273 1869 3355 πολύμητις
1898 3268 2272 3348 Ὀδυσσεύς·

349 3385 525 3460 ,,πῦρ
568 3386 698 3441 νῦν
744 3400 856 3459 μοι
899 3377 1268 3458 πρώτιστον
1316 3375 1416 3441 ἐνὶ
1462 3379 1806 3462 μεγάροισι
1852 3374 2213 3459 γενέσθω.“

349 3479 438 3555 ὣς
482 3478 699 3565 ἔφατ’,
746 3477 1220 3563 οὐδ”ἀπίθησε
1265 3484 1427 3567 φίλη
1474 3485 1721 3569 τροφὸς
1765 3482 2168 3566 Εὐρύκλεια,

259 3586 520 3667 ἤνεικεν
568 3582 630 3648 δ’
672 3585 800 3669 ἄρα
843 3595 975 3671 πῦρ
1022 3584 1129 3651 καὶ
1173 3588 1395 3670 θήιον.
1488 3587 1694 3673 αὐτὰρ
1736 3584 2085 3665 Ὀδυσσεὺς

368 3697 665 3748 Ludwioh,
693 3697 826 3738 Hom.
857 3698 1058 3749 Odyssea.
1098 3700 1160 3739 ΙΙ.
1786 3697 1848 3744 11
