2650 3909
792 269 855 327 F.
893 271 958 327 A.
979 269 1266 338 ,WOLFII
1303 269 1707 324 SUMMARIA.
2182 256 2260 321 IX

230 433 354 487 clea
392 434 452 486 et
487 433 683 499 matre,
720 433 990 501 properat
1022 429 1084 485 in
1120 431 1333 498 forum,
1368 431 1435 484 ut
1469 429 1940 499 Theoclymenum
1976 429 2261 500 hospitem

229 504 479 558 adducat
531 504 807 574 (31—83).
891 502 1054 557 Hunc
1108 501 1208 556 ubi
1264 500 1449 572 epulis
1505 501 1753 570 excepit,
1806 501 1977 556 matri
2034 504 2260 556 enarrat

230 574 483 630 ordinem
527 573 1027 643 peregrinationis,
1075 589 1331 642 quaeque
1380 589 1415 626 a
1455 571 1713 627 Menelao
1759 573 2040 627 audierat:
2090 572 2260 627 simul

228 645 673 714 Theoclymenus
724 645 952 714 reginae
997 644 1372 715 propinquum
1421 642 1642 712 Ulyssis
1690 641 1936 697 reditum
1979 642 2261 713 praedicit

229 720 538 787 (84—165).
593 716 681 770 Ibi
717 732 950 771 coenam
989 715 1395 787 apparentibus
1432 713 1620 785 procis
1659 715 1984 784 supervenit
2018 713 2144 783 ille,
2185 716 2257 769 ab

227 789 478 843 Eumaeo
519 789 745 857 ductuS,
781 787 1025 857 primum
1064 804 1100 842 a
1135 787 1448 842 Melanthio
1488 786 1741 856 caprario
1777 785 1985 840 iniuria
2023 785 2258 840 affectus

226 863 572 929 (166—289).
649 857 739 912 Ad
795 859 986 913 aulam
1041 877 1211 928 quum
1267 859 1652 926 accesserunt,
1709 857 1867 912 canis
1914 855 2257 912 domesticus

227 930 429 1001 ArguS,
469 930 664 1001 agnito
695 930 938 999 dominO,
975 933 1206 1000 repente
1243 929 1482 984 moritur
1518 932 1820 997 (290—327
1849 972 1861 985 .
1916 929 2037 984 Iam
2072 928 2259 999 ipsam

230 1003 455 1056 domum
482 1001 787 1071 ingressus,
818 1019 854 1055 a
880 1001 1131 1057 convivis
1161 1001 1464 1055 ambiendo
1494 1000 1650 1055 cibos
1677 1016 1807 1054 men
1846 999 1990 1069 icat;
2029 1017 2170 1069 quos
2200 1003 2260 1055 et

228 1073 596 1127 Telemachus
632 1074 870 1142 praebet
905 1076 965 1128 et
990 1073 1175 1143 proci:
1216 1071 1316 1127 sed
1342 1072 1623 1127 Antinous
1662 1088 1787 1126 eum
1817 1071 2087 1127 conviciis
2127 1088 2260 1126 con-

230 1147 479 1199 sectatur
516 1146 574 1199 et
610 1143 835 1214 ingesto
874 1144 1149 1213 scabello,
1195 1160 1309 1198 non
1349 1143 1469 1198 sine
1514 1142 1907 1212 indignatione
1945 1145 2260 1198 ceterorum

226 1233 524 1297 procorum
569 1218 915 1286 (328—491).
1009 1216 1190 1283 Quam
1237 1217 1309 1271 ob
1364 1213 1764 1270 contumeliam
1810 1213 1964 1269 diras
2008 1212 2257 1270 Antinoo

227 1289 537 1357 imprecata
580 1286 887 1356 Penelope,
940 1287 1014 1341 ad
1062 1304 1121 1342 se
1169 1285 1407 1341 arcessit
1451 1285 1660 1356 virum,
1714 1284 1763 1338 si
1808 1286 1945 1354 quid
1992 1286 2140 1341 forte
2187 1286 2257 1341 de

226 1358 429 1429 Ulysse
467 1357 818 1427 cognoverit3
866 1359 915 1413 is
963 1361 1153 1413 autem
1191 1358 1252 1413 in
1300 1355 1644 1426 colloquium
1677 1359 1977 1412 venturum
2022 1373 2144 1412 sese
2183 1358 2257 1411 ad

226 1446 516 1499 vesperam
542 1428 844 1499 pollicetur
870 1431 1212 1500 (492—584).
1267 1428 1484 1484 Eodem
1512 1431 1766 1498 tempore
1793 1428 1854 1482 in
1881 1446 2077 1497 agrum
2106 1427 2257 1483 redit

227 1501 530 1569 Eumaeus,
565 1503 830 1556 manente
866 1500 1068 1571 Ulysse
1106 1503 1447 1570 (585—606).

1123 1667 1158 1710 σ
1195 1642 1357 1731 (18).

399 1767 759 1822 Mendicante
806 1767 956 1837 apud
992 1783 1193 1836 procos
1239 1766 1468 1836 Ulysse,
1523 1765 1667 1819 alius
1706 1766 1997 1822 mendicus
2035 1769 2259 1824 accedit

224 1856 293 1894 ex
340 1839 504 1908 urbe,
555 1840 703 1908 Irus,
751 1842 815 1894 ut
858 1838 1020 1893 illum
1068 1838 1137 1893 de
1183 1837 1413 1910 proprio
1459 1836 1658 1892 limine
1704 1837 1973 1894 detrudat
2018 1843 2255 1909 (1—13).

221 1909 357 1965 Inde
394 1909 642 1981 iurgium
677 1911 829 1965 inter
869 1910 1198 1978 utrumque3
1245 1926 1402 1979 mox,
1448 1908 1807 1964 hortantibus
1848 1912 1907 1964 et
1941 1911 2256 1980 praemium

223 1982 565 2052 ponentibus
603 1980 806 2052 procis,
843 1980 995 2036 iusto
1033 1981 1340 2037 certamine
1377 1981 1666 2036 luctantur
1693 1982 2003 2052 (14—100).
2060 1980 2257 2038 Victor

221 2053 450 2123 Ulysses
499 2054 835 2108 seminecem
887 2053 1038 2107 Irum
1090 2055 1251 2108 extra
1300 2051 1530 2107 ianuam
1577 2051 1833 2121 proiicit:
1878 2052 2256 2125 Amphinomo

221 2126 438 2193 autem,
488 2125 585 2179 uni
623 2141 691 2179 ex
725 2123 938 2194 prociS‚
985 2123 1362 2194 propinquum
1398 2123 1550 2195 regis
1588 2121 1896 2178 adventum
1932 2127 1991 2179 et
2024 2142 2256 2198 gravem

220 2194 497 2252 ultionem
571 2195 814 2251 raedicit
848 2198 1193 2265 (101—157).
1268 2197 1551 2265 Degressa
1585 2212 1777 2249 rursus
1814 2195 1876 2249 in
1918 2199 2254 2252 conventum

220 2266 469 2322 virorum
513 2215 821 2337 lyenelope,
868 2267 1048 2321 filium
1095 2267 1164 2322 de
1210 2283 1362 2321 nova
1406 2265 1747 2322 contumelia
1782 2265 1977 2322 miseri
2011 2267 2253 2340 hospitis

218 2337 485 2408 obiurgat
523 2339 879 2408 (158—243);
929 2342 988 2392 et
1032 2338 1243 2392 callida
1289 2339 1543 2393 oratione
1591 2337 1784 2392 studia
1826 2355 2124 2408 procorum
2162 2357 2253 2395 ex-

216 2408 469 2479 periens,
526 2425 793 2479 spemque
837 2408 1166 2478 nuptiarum
1213 2411 1530 2478 ostentans,
1583 2408 1655 2462 ab
1701 2407 1817 2463 illis
1864 2409 1972 2465 sibi
2020 2428 2255 2466 munera

218 2478 493 2551 deposcit,
532 2497 601 2535 ac
639 2479 834 2535 statim
871 2479 1083 2534 collata
1111 2478 1322 2549 accipit
1351 2480 1695 2550 (244—303).
1752 2478 1977 2535 Interea
2003 2481 2254 2552 Ulysses,

218 2551 371 2607 inter
404 2568 630 2622 procos,
681 2550 779 2620 qui
825 2550 1023 2606 solitos
1070 2551 1234 2607 ludos
1280 2552 1342 2606 in
1376 2553 1601 2606 noctem
1646 2549 1898 2620 trahunt,
1940 2567 2253 2625 remanens,

217 2641 253 2677 a
279 2622 574 2679 Melantho
614 2622 824 2680 ancilla
860 2622 1181 2679 maledictis
1208 2626 1460 2693 vexatur,
1500 2623 1572 2677 ab
1600 2622 1953 2691 Eurymacho
1988 2623 2254 2681 irridetur

215 2697 276 2748 et
322 2695 573 2750 scabello
620 2694 838 2766 petitur
874 2698 1219 2766 (304—404).
1292 2695 1545 2751 Tandem
1583 2712 1618 2749 a
1653 2693 1988 2752 Telemacho
2030 2696 2251 2769 moniti,

216 2766 448 2820 domum
485 2765 723 2835 quisque
764 2784 925 2821 suam
962 2768 1175 2822 abeunt
1211 2769 1557 2838 (405—428).

1120 2940 1152 2976 τ
1188 2910 1349 2998 (19).

391 3031 607 3087 Eadem
635 3034 803 3087 nocte
822 3033 1054 3102 Ulysses
1083 3035 1143 3088 et
1169 3034 1559 3105 Telemachus,
1587 3036 1953 3105 praelucente
1974 3035 2249 3106 Minerva,

210 3120 376 3157 arma
412 3103 602 3158 omnia
637 3103 699 3157 in
736 3107 1079 3174 superiorem
1114 3107 1338 3174 partem
1375 3106 1604 3161 aedium
1643 3109 1949 3177 seponunt,
1995 3123 2068 3161 ne
2109 3107 2249 3175 quid

208 3174 313 3228 teli
361 3177 463 3230 aut
509 3175 843 3230 munimenti
896 3175 1085 3245 procis
1132 3176 1204 3230 ad
1250 3194 1478 3231 manum
1528 3177 1605 3232 sit
1649 3181 1893 3247 (1-46);
1951 3180 2074 3231 tum
2125 3179 2247 3249 ipse

209 3246 365 3301 solus
397 3263 524 3301 cum
555 3247 839 3317 Penelope
868 3246 1087 3302 confert
1115 3264 1447 3316 sermonem,
1486 3247 1548 3302 in
1576 3264 1686 3316 quo
1716 3247 1941 3317 similia,
1978 3251 2044 3303 ut
2069 3267 2250 3332 nuper

208 3317 284 3370 ad
313 3317 638 3386 Eumaeum,
668 3317 1128 3388 comminiscitur,
1155 3318 1417 3387 Ulyssem
1445 3319 1507 3374 in
1534 3319 1702 3374 Creta
1730 3320 1880 3390 apud
1910 3337 1970 3375 se
1996 3320 2247 3391 hospitio

207 3388 573 3443 deversatum
609 3388 793 3459 fingit,
832 3389 1006 3445 etiam
1032 3390 1303 3444 vestitum
1341 3389 1460 3445 eius
1500 3393 1559 3444 et
1595 3390 1713 3445 alia
1739 3391 1813 3446 ad
1842 3390 2011 3446 fidem
2039 3391 2246 3448 facien-

205 3460 342 3514 dam
378 3476 511 3515 vere
550 3459 838 3531 describit,
877 3460 1119 3530 denique
1154 3462 1322 3529 iurat,
1364 3478 1423 3515 se
1462 3462 1614 3531 apud
1640 3462 1985 3533 Thesprotos
2024 3462 2093 3518 de
2120 3480 2246 3532 pro-

203 3529 424 3599 pinquo
461 3531 652 3586 reditu
687 3530 868 3613 ipsius
908 3533 1193 3587 audivisse
1221 3534 1531 3602 (47-30'1).
1587 3532 1887 3588 Delectata
1914 3533 2006 3588 his
2031 3533 2245 3587 nuntiis

202 3601 516 3670 Penelope,
566 3601 870 3671 hospitalis
909 3602 1084 3658 officii
1120 3620 1320 3672 causa,
1369 3603 1422 3657 ei
1457 3603 1632 3672 pedes
1670 3603 1827 3660 ablui
1861 3604 2044 3669 iubet3
2092 3604 2245 3671 quod

205 3672 346 3727 dum
381 3671 522 3726 facit
558 3671 837 3741 Euryclea
872 3675 1087 3740 nutrix,
1134 3675 1206 3728 ab
1245 3691 1313 3728 ea
1349 3674 1592 3744 primum
1632 3674 1959 3745 agnoscitur
1995 3690 2064 3728 ex
2099 3673 2244 3727 cica-

312 3771 589 3812 Ludwioh
605 3800 618 3824 ,
645 3771 783 3812 Hom.
805 3770 1022 3821 Odyssea.
1049 3772 1113 3811 ΙΙ.
1707 3763 1805 3816 20⁸¹*
