2650 3909
869 250 899 286 ο
937 233 1048 319 (15)
1091 230 1418 302 Τηλεμάχου
1457 227 1749 294 ἐπάνοδος.
2231 227 2318 290 35

301 389 710 476 ἀμφότερον,
754 392 956 467 κῦδός
998 415 1068 456 τε
1114 390 1224 456 καὶ
1269 391 1508 482 ἀγλαΐη
1555 391 1665 458 καὶ
1710 395 1973 477 &Qum
2040 399 2207 514 γῆν»
2257 357 2526 498 {wagaw-

303 496 780 579 δειπνήσαντας
828 502 975 580 ἴμεν
1019 497 1276 580 πολλὴν
1323 493 1423 560 ἐπ’
1469 496 1786 580 ἀπείρονα
1831 505 2042 578 γαῖαν.

220 621 273 660 80
301 602 364 664 εί
407 597 467 664 δ’
513 599 769 678 ἐθέλεις
803 608 1183 687 τραφθῆναι
1223 599 1326 666 ἀν’
1364 599 1649 667 Ἑλλάδα
1685 598 1795 665 καὶ
1832 598 2037 682 μέσον
2054 595 2320 679 Ἄργος,

301 706 476 790 ὄφρά
522 728 623 772 τοι
670 705 866 782 αὐτὸς
911 705 1193 789 ἕπωμαι,
1237 704 1572 789 ὑποζεύξω
1621 703 1701 769 δέ
1740 727 1841 769 τοι
1887 704 2159 783 ἵππους,

301 810 497 874 ἄστεα
545 805 607 874 δ’
647 809 1026 896 ἀνθρώπων
1070 811 1425 894 ἡγήσομαι·
1471 807 1637 875 οὐδέ
1674 817 1773 886 τις
1816 806 2021 892 ἡμέας

302 913 513 991 αὕτως
560 914 920 999 ἀππέμψει,
968 917 1166 981 δώσει
1212 914 1292 979 δέ
1332 939 1394 979 τι
1442 914 1514 980 ἕν
1560 938 1633 997 γε
1680 912 2037 1000 φέρεσθαι,

299 1018 380 1103 ἠέ
419 1043 568 1085 τινα
611 1021 945 1103 τριπόδων
992 1019 1331 1104 εὐχάλκων
1377 1017 1452 1103 ἠὲ
1499 1022 1791 1103 λεβήτων

220 1144 273 1184 85
300 1122 375 1208 ἠὲ
422 1123 527 1190 δύ’
571 1127 893 1209 ἡμιόνους
938 1121 1013 1207 ἠὲ
1058 1126 1371 1209 χρύσειον
1417 1125 1746 1190 ἄλεισον.“

386 1232 506 1296 τὸν
554 1224 616 1294 δ’
662 1226 749 1295 αὖ
805 1228 1180 1314 Τηλέμαχος
1223 1229 1640 1313 πεπνυμένος
1685 1230 1914 1296 ἀντίον
1958 1231 2158 1314 ηὔδα·

391 1330 720 1419 ,ξΑτρείδη
768 1333 1074 1398 Μενέλαε
1125 1332 1528 1419 Διοτρεφές,
1574 1335 1817 1417 ὄρχαμε
1862 1339 2072 1417 λαῶν,

300 1440 625 1522 βούλομαι
670 1439 802 1522 ἤδη
850 1444 1117 1503 νεῖσθαι
1164 1435 1265 1522 ἐφ’
1311 1435 1602 1522 ἡμέτερ’·
1650 1437 1731 1502 οὐ
1776 1439 1903 1522 γὰρ
1951 1440 2235 1503 ὄπισθεν

300 1539 507 1629 οὖρον
555 1545 676 1608 ἰὼν
722 1541 1107 1607 κατέλειπον
1152 1539 1260 1606 ἐπὶ
1304 1542 1683 1607 κτεάτεσσιν
1732 1541 1972 1625 ἐμοῖσι·

219 1669 271 1708 90
300 1649 387 1731 μὴ
433 1645 659 1732 πατέρ’
700 1645 1017 1712 ἀντίθεον
1064 1647 1407 1731 διζήμενος
1451 1646 1647 1723 αὐτὸς
1692 1649 1975 1730 ὄλωμαι,

297 1756 340 1837 ἤ
387 1757 458 1818 τί
496 1776 610 1837 μοι
656 1752 731 1818 ἐκ
776 1753 1084 1837 μεγάρων
1130 1756 1471 1836 κειμήλιον
1520 1750 1766 1817 ἐσθλὸν
1819 1752 2105 1836 ὄληται.“

386 1858 593 1941 αὐτὰρ
644 1856 786 1923 ἐπεὶ
830 1862 906 1925 τό
951 1855 1013 1940 γ’
1058 1859 1299 1923 ἄκουσε
1347 1859 1516 1941 βοὴν
1562 1856 1816 1941 ἀγαθὸς
1858 1855 2245 1942 Μενέλαος,

297 1960 506 2028 αὐτίκ’
552 1960 657 2050 ἄρ’
704 1958 748 2050 ᾗ
796 1963 1012 2051 ἀλόχῳ
1057 1959 1178 2047 ἠδὲ
1225 1963 1486 2051 δμῳῇσι
1530 1961 1799 2028 κέλευσε

297 2069 570 2132 δεῖπνον
616 2065 717 2132 ε’νὶ
763 2067 1073 2151 μεγάροις
1116 2076 1415 2133 τετυκεῖν
1461 2069 1606 2145 ἅλις
1651 2070 1852 2134 ἔνδον
1901 2067 2170 2134 ἐόντων.

217 2194 268 2234 95
295 2171 658 2256 ἀγχίμολον
705 2170 786 2236 δέ
829 2172 900 2237 os
938 2168 1105 2255 ἦλθε
1152 2174 1536 2255 Βοηθοίδης
1569 2170 1954 2256 Ἐτεωνεύς,

295 2274 535 2352 ἀνστὰς
581 2274 647 2353 ἐξ
695 2276 925 2360 εὐνῆς,
972 2274 1112 2341 ἐπεὶ
1158 2276 1240 2341 οὐ
1285 2279 1457 2341 πολὺ
1502 2289 1691 2342 ναῖεν
1737 2275 1846 2342 ἀπ’
1893 2278 2128 2344 αὐτοῦ·

293 2384 412 2447 τὸν
456 2391 589 2466 πῦρ
635 2389 788 2464 κῆαι
834 2382 1050 2462 ἄνωγε
1103 2382 1273 2463 βοὴν
1321 2379 1575 2461 ἀγαθὸς
1616 2381 1964 2458 Μενέλαος

294 2486 580 2569 ὀπτῆσαί
616 2509 685 2551 τε
731 2495 973 2570 κρεῶν·
1022 2484 1057 2549 ὁ
1107 2480 1168 2548 δ’
1200 2485 1298 2570 ἄρ
1317 2482 1335 2508 ’
1379 2485 1503 2551 οὐκ
1549 2485 1881 2568 ἀπίθησεν
1926 2485 2229 2565 ἀκούσας.

292 2593 488 2669 αὐτὸς
533 2588 595 2655 δ’
642 2590 709 2667 ἐς
753 2591 1065 2689 θάλαμον
1110 2592 1509 2675 κατεβήσετο
1555 2592 1884 2675 κηώεντα,
1924 2569 2378 2682 ὧιΜφἉ

188 2721 266 2760 100
292 2699 415 2764 οὐκ
460 2693 623 2774 οἷος·
670 2698 804 2780 ἅμα
846 2705 937 2783 τῷ
985 2693 1047 2779 γ’
1092 2694 1323 2780 Ἑλένη
1370 2700 1471 2762 κίε
1516 2695 1627 2763 καὶ
1670 2697 2138 2783 Μεγαπένθης.

292 2801 433 2868 ἀλλ’
482 2803 587 2870 ὅτε
637 2803 720 2886 δή
768 2799 828 2887 ῤ’
876 2798 1046 2867 ἵκαν’
1095 2801 1212 2867 ὅθι
1259 2803 1329 2866 oc
1370 2805 1677 2886 κειμήλια
1722 2815 1931 2886 κεῖτο,

284 2904 618 2994 Ἀτρείδης
663 2904 785 2991 μὲν
831 2910 1049 2973 ἔπειτα
1096 2906 1296 2984 δέπας
1343 2908 1544 2990 λάβεν
1590 2908 2121 2994 ἀμφικύπελλον,

289 3014 443 3079 υίὸν
491 3010 565 3079 δὲ
608 3022 900 3099 κρητῆρα
944 3011 1176 3099 φέρειν
1221 3010 1654 3096 Μεγαπένθε’
1699 3014 1958 3098 ἄνωγεν

290 3118 638 3205 ἀργύρεον.
721 3116 952 3201 Ἑλένη
1003 3115 1077 3182 δὲ
1120 3122 1478 3202 παρίστατο
1523 3130 2003 3216 φωριαμοῖσιν,
2094 3131 2395 3208 Qum

187 3246 262 3287 105
292 3222 437 3291 ἔνθ’
487 3225 646 3291 ἔσάν
693 3226 764 3291 οἰ
802 3223 1041 3290 πέπλοι
1085 3227 1550 3307 παμποίκιλοι,
1597 3224 1715 3301 οὓς
1757 3225 1963 3308 κάμεν
2009 3225 2191 3309 αὐτή.

289 3341 423 3395 τῶν
470 3329 561 3395 ἕν’
609 3329 963 3417 ἀειραμένη
999 3327 1230 3414 Ἑλένη
1275 3329 1467 3416 φέρε,
1514 3331 1626 3395 δῖα
1670 3342 2039 3415 γυναικῶν,

295 3434 369 3510 ὃς
413 3436 760 3511 κάλλιστος
807 3438 923 3519 ἔην
967 3438 1393 3518 ποικίλμασιν
1438 3431 1558 3518 ἠδὲ
1604 3433 1936 3519 μέγιστος,

290 3539 495 3625 ἀστὴρ
543 3537 604 3604 δ’
653 3539 741 3615 ὣς
788 3537 1193 3623 ἀπέλαμπεν·
1242 3542 1450 3605 ἔκειτο
1499 3537 1574 3604 δὲ
1618 3543 1877 3618 νείατος
1921 3543 2159 3607 ἄλλων.

1807 3646 1882 3699 3*
