2650 3909
335 225 460 290 186
984 246 1028 279 ω
1062 228 1177 296 (24)
1214 225 1285 281 τὰ
1323 222 1386 281 ἐν
1423 226 1691 298 Λαέρτου.

220 412 301 453 870
329 385 401 451 ἐκ
447 383 509 450 δ’
552 385 930 470 ἀσαμίνθου
976 391 1087 472 βῆ·
1133 387 1429 471 θαύμαζε
1477 386 1558 452 δέ
1596 411 1712 471 μιν
1755 392 1951 473 φίλος
1994 388 2171 472 υἱός,

329 492 417 567 ὡς
462 492 606 556 ἴδεν
652 490 1047 558 ἀθανάτοισι
1091 498 1279 568 θεοῖς
1324 491 1698 575 ἐναλίγκιον
1744 494 1976 577 ἄντην·

326 601 442 661 καί
479 621 595 681 μιν
641 599 955 681 φωνήσας
999 599 1155 661 ἔπεα
1199 599 1556 682 πτερόεντα
1599 598 1969 681 προσηύδα·

415 697 512 785 ,,ὦ
559 703 791 788 πάτερ,
836 697 877 785 ἦ
926 703 1099 786 μάλα
1142 706 1243 779 τίς
1287 719 1361 767 σε
1410 708 1593 767 θεῶν
1639 704 2096 785 αἰειγενετάων

325 802 501 883 εἶδός
545 831 614 873 τε
660 801 942 891 μέγεθός
985 831 1053 873 τε
1101 807 1417 892 ἀμείνονα
1460 815 1672 892 θῆκεν
1717 806 2044 873 ίδέσθαι.“

219 938 298 979 376
413 914 532 978 τὸν
578 910 639 978 δ’
682 908 767 978 αὖ
813 912 1110 999 Λαέρτης
1155 911 1570 997 πεπνυμένος
1614 912 1844 979 ἀντίον
1888 913 2089 997 ηὔδα·

414 1020 533 1102 ,,αἲ
572 1020 730 1103 γάρ,
793 1023 925 1082 Ζεῦ
970 1041 1040 1083 τε
1084 1018 1287 1104 πάτερ
1332 1016 1443 1083 καὶ
1482 1015 1798 1102 Ἀθηναίη
1845 1016 1953 1082 καὶ
1984 1016 2345 1102 Ἄπολλον,

327 1115 465 1200 οἶος
509 1125 811 1208 Νήρικον
858 1116 1072 1207 εἶλον,
1118 1123 1503 1209 ἐυκτίμενον
1548 1129 1982 1210 πτολίεθρον,

325 1226 529 1310 ἀκτὴν
570 1229 902 1314 ῆπείροιο,
949 1230 1496 1312 Κεφαλλήνεσσιν
1541 1229 1885 1313 ἀνάσσων,

324 1344 502 1409 τοῖος
547 1332 674 1398 ἐών
722 1357 823 1400 τοι
869 1336 1096 1420 χθιζὸς
1141 1334 1214 1400 ἐν
1260 1334 1633 1419 ἡμετέροισι
1680 1336 1976 1420 δόμοισι,

218 1463 298 1503 ³80
323 1437 530 1528 τεύχε’
574 1442 742 1524 ἔχων
788 1441 1100 1524 ὤμοισιν,
1146 1440 1580 1525 ἐφεστάμεναι
1624 1438 1734 1505 καὶ
1782 1439 2060 1523 ἀμύνειν

324 1545 573 1629 ἄνδρας
616 1555 1009 1630 μνηστῆρας.
1101 1557 1191 1610 τῶ
1237 1543 1315 1610 κε’
1357 1561 1582 1629 σφεων
1626 1542 1898 1628 γούνατ’
1939 1548 2140 1611 ἔλυσα

323 1654 588 1715 πολλῶν
635 1650 708 1715 ἐν
756 1651 1133 1736 μεγάροισι,
1180 1654 1264 1716 σὺ
1312 1647 1386 1715 δὲ
1431 1649 1678 1736 φρένας
1725 1652 1924 1716 ἔνδον
1971 1650 2296 1734 ἐγήθεις.“

414 1755 504 1832 ὣς
548 1756 620 1820 οἰ
657 1751 780 1839 μὲν
825 1766 1095 1828 τοιαῦτα
1140 1757 1304 1840 πρὸς
1349 1754 1677 1838 ἀλλήλους
1720 1754 2063 1839 ἀγόρευον.

325 1861 397 1925 οί
436 1858 496 1925 δ’
543 1860 681 1925 ἐπεὶ
728 1854 855 1954 οὖν
899 1862 1236 1926 παύσαντο
1282 1862 1496 1925 πόνου
1540 1861 1889 1926 τετύκοντό
1934 1883 2005 1925 τε
2052 1863 2271 1946 δαῖτα,

218 1987 297 2028 385
327 1964 532 2049 ἑξείης
577 1964 796 2043 ἕζοντο
843 1966 1005 2030 κατὰ
1050 1967 1369 2048 κλισμούς
1412 1988 1481 2030 τε
1527 1968 1822 2048 θρόνους
1866 1989 1953 2031 τε.

326 2068 470 2136 ἔνθ’
516 2072 587 2135 οἱ
626 2058 747 2154 ’μὲν
794 2071 1042 2158 δείπνῳ
1089 2068 1485 2160 ἐπεχείρεον·
1534 2070 1895 2154 ἀγχίμολον
1940 2068 2015 2136 δὲ

141 2247 158 2268 ·
323 2172 478 2260 ἦλθ’
525 2176 561 2242 ὁ
608 2174 823 2260 γέρων
869 2179 1148 2258 Δολίος,
1195 2178 1322 2241 σὺν
1370 2173 1429 2239 δ’
1476 2176 1645 2251 υίεϊς
1687 2188 1831 2242 τοῖο
1878 2175 2218 2262 γέροντος,

83 2279 246 2346 W
325 2281 391 2359 ἐξ
439 2284 652 2366 ἔργων
696 2280 1076 2370 μογέοντες,
1123 2278 1260 2346 ἐπεὶ
1306 2287 1733 2366 προμολοῦσα
1778 2281 2053 2347 κάλεσσε

324 2389 567 2472 μήτηρ,
617 2398 823 2472 γρηῦς
869 2378 1146 2469 Σικελή,
1199 2388 1241 2470 ἤ
1289 2403 1494 2470 σφεας
1535 2384 1731 2471 τρέφε
1777 2389 1893 2451 καί
1932 2387 2017 2472 ῥα
2061 2386 2343 2470 γέροντα

216 2514 296 2553 390
324 2491 650 2568 ἐνδυκέως
693 2490 1076 2576 κομέεσκεν,
1125 2488 1262 2556 ἐπεὶ
1308 2491 1471 2576 κατὰ
1516 2501 1721 2576 γῆρας
1766 2493 2072 2576 ἔμαρψεν.

324 2598 396 2662 οί
436 2594 495 2662 δ’
541 2598 630 2674 ὡς
675 2592 800 2663 οὖν
838 2595 1117 2679 Ὀδυσῆα
1164 2597 1314 2661 ἴδον
1360 2596 1743 2681 φράσσαντό
1788 2618 1857 2660 τε
1904 2602 2137 2685 θυμῷ,

323 2704 518 2766 ἔσταν
565 2700 664 2767 ἐνὶ
709 2701 1053 2784 μεγάροισι
1099 2702 1481 2782 τεθηπότες·
1530 2700 1736 2783 αὐτὰρ
1778 2695 2129 2778 Ὀδυσσεὺς

322 2809 665 2890 μειλιχίοις
712 2803 965 2868 ἐπέεσσι
1010 2805 1514 2886 καθαπτόμενος
1555 2801 1972 2888 προσέειπεν·

409 2905 505 2993 ,,ὦ
535 2908 758 2994 γέρον,
788 2900 865 2987 ἵζ’
892 2906 996 2973 ἐπὶ
1027 2910 1324 2993 δεῖπνον,
1354 2908 1887 2974 ἀπεκλελάθεσθε
1918 2906 1993 2975 δὲ
2015 2912 2339 2996 θάμβευς·

213 3040 295 3078 395
324 3018 530 3102 δηρὸν
575 3015 700 3100 γὰρ
749 3018 908 3101 σίτῳ
955 3012 1398 3099 ἐπιχειρήσειν
1444 3025 1776 3098 μεμαῶτες

320 3125 647 3204 μίμνομεν
694 3119 768 3184 ἐν
814 3120 1155 3203 μεγάροις,
1198 3118 1405 3202 ὑμέας
1448 3119 1908 3203 ποτιδέγμενοι
1955 3120 2146 3185 αἰεί.“

409 3225 498 3301 ὣς
542 3222 645 3310 ἄρ’
690 3228 847 3309 ἔφη,
893 3228 1143 3300 Δολίος
1188 3220 1250 3288 δ’
1298 3227 1455 3301 ἰθὺς
1499 3229 1597 3289 κίε
1643 3237 1817 3310 χεῖρε
1863 3225 2187 3302 πετάσσας

321 3328 723 3415 ἀμφοτέρας,
763 3329 1075 3405 Ὀδυσεῦς
1122 3325 1196 3394 δὲ
1243 3332 1465 3413 λαβὼν
1511 3331 1669 3395 κύσε
1714 3327 1879 3415 χεῖρ’
1928 3328 2033 3394 ἐπὶ
2078 3343 2340 3419 καρπῷ,

319 3437 436 3498 καί
474 3457 590 3517 μιν
635 3437 950 3518 φωνήσας
997 3437 1151 3498 ἔπεα
1195 3439 1554 3520 πτερόεντα
1598 3435 1969 3519 προσηύδα·

213 3561 295 3599 400
412 3531 508 3620 ,,ὦ
558 3537 730 3622 φίλ’,
777 3538 915 3603 ἐπεὶ
961 3542 1285 3623 νόστησας
1332 3538 1777 3624 ἐελδομένοισι
1823 3537 1972 3622 μάλ’
2016 3541 2176 3625 ἡμῖν
