2650 3909
1043 271 1087 321 φ
1125 252 1236 319 (21)
1273 249 1438 315 τόξου
1474 250 1651 312 θέσις.
2142 260 2154 275 ’
2224 248 2349 315 137

334 418 562 495 θυμοῦ
607 410 719 476 καὶ
763 419 1007 497 ψυχῆς,
1053 407 1194 476 ἐπεὶ
1238 405 1280 495 ἦ
1326 414 1500 476 πολὺ
1546 409 1870 498 φέρτερόν
1917 410 2052 476 ἐστι

227 538 305 579 155
333 517 665 601 τεθνάμεν
709 516 751 601 ἢ
801 518 1083 595 ζώοντας
1127 500 1476 603 ἁμαρτεῖν,
1521 512 1603 583 οὗ
1647 515 1717 581 θ’
1763 512 1931 581 ἕνεκ’
1976 513 2105 580 αἰεὶ

335 616 567 687 ἐνθάδ’
613 621 962 706 ὁμιλέομεν
1007 619 1468 706 ποτιδέγμενοι
1510 625 1724 707 ἤματα
1768 622 1997 687 πάντα.

331 736 461 792 νῦν
506 724 629 811 μέν
673 750 772 804 τις
815 724 926 792 καὶ
972 723 1183 793 ἔλπετ’
1229 726 1328 792 ἐνὶ
1373 725 1614 814 φρεσὶν
1657 724 1779 811 ἠδὲ
1824 735 2100 813 μενοινᾷ

332 840 533 915 γῆμαι
578 836 1071 917 Πηνελόπειαν,
1110 830 1471 916 Ὀδυσσῆος
1514 833 1926 920 παράκοιτιν·

331 937 540 1020 αὐτὰρ
586 936 751 1021 ἐπὴν
796 936 991 1016 τόξου
1036 940 1414 1022 πειρήσεται
1459 933 1580 1020 ἠδὲ
1627 938 1876 1021 ἴδηται,

228 1065 305 1104 160
332 1043 543 1125 ἄλλην
590 1043 673 1125 δή
719 1040 845 1109 τιν’
891 1045 1109 1108 ἔπειτα
1147 1039 1541 1127 Ἀχαιιάδων
1589 1041 1931 1107 εὐπέπλων

330 1146 612 1231 μνάσθω
661 1144 992 1213 ἐέδνοισιν
1040 1148 1408 1231 διζήμενος·
1454 1146 1496 1230 ἡ
1543 1144 1626 1211 δέ
1664 1142 1726 1211 κ’
1769 1149 1990 1213 ἔπειτα

330 1248 607 1336 γήμαιθ’
656 1251 729 1328 ὅς
772 1275 845 1316 κε
889 1256 1164 1317 πλεῖστα
1208 1254 1406 1338 πόροι
1452 1249 1564 1317 καὶ
1609 1255 1929 1338 μόρσιμος
1974 1254 2226 1318 ἔλθοι.“

422 1355 512 1434 ὣς
555 1354 659 1439 ἄρ’
707 1355 1049 1440 ἐφώνησεν
1093 1354 1204 1420 καὶ
1248 1355 1377 1421 ἀπὸ
1425 1354 1495 1421 ἕο
1541 1355 1735 1435 τόξον
1781 1359 1981 1441 ἔθηκε

330 1466 562 1539 κλίνας
606 1465 1003 1546 κολλητῇσιν
1050 1459 1353 1546 ἐυξέστῃς
1398 1463 1815 1545 σανίδεσσιν,

227 1589 303 1629 165
331 1566 540 1633 αὐτοῦ
587 1564 647 1631 δ’
696 1566 832 1631 ὠκὺ
877 1563 1072 1650 βέλος
1114 1570 1280 1651 καλῇ
1325 1565 1715 1650 προσέκλινε
1760 1569 2053 1653 κορώνῃ·

334 1672 427 1751 ἂψ
475 1669 537 1737 δ’
584 1666 771 1747 αὖτις
814 1667 953 1736 κατ’
1001 1667 1103 1756 ἄρ’
1151 1666 1305 1749 ἕζετ’
1354 1667 1461 1736 ἐπὶ
1504 1673 1767 1756 θρόνου
1800 1673 2016 1737 ’ἔνθεν
2061 1671 2318 1755 ἀνέστη.

324 1775 658 1854 Ἀντίνοος
704 1772 767 1840 δ’
810 1772 1113 1840 ἐνένιπεν
1159 1777 1315 1852 ἔπος
1358 1770 1415 1840 τ’
1462 1772 1648 1859 ἔφατ’
1691 1777 1763 1840 ἔκ
1806 1772 1862 1838 τ’
1910 1776 2213 1860 ὀνόμαζε·

422 1883 787 1968 ,,Λειῶδες,
831 1884 1028 1946 ποῖόν
1074 1895 1148 1945 σε
1195 1882 1349 1958 ἔπος
1394 1881 1610 1965 φύγεν
1656 1879 1845 1966 ἕρκος
1890 1882 2219 1963 ὀδόντων,

332 1990 557 2055 δεινόν
601 1985 657 2052 τ’
700 1984 1028 2072 ἀργαλέον
1072 2006 1168 2051 τε·
1213 1996 1630 2070 νεμεσσῶμαι
1675 1985 1756 2051 δέ
1794 1983 1851 2051 τ’
1897 1985 2187 2053 ἀκούων·

227 2116 302 2155 ιἰο
330 2096 392 2158 εί
436 2094 519 2177 δὴ
565 2095 760 2158 τοῦτό
806 2114 880 2175 γε
926 2090 1121 2170 τόξον
1168 2090 1483 2177 ἀριστῆας
1525 2093 1872 2175 κεκαδήσει

329 2206 559 2283 θυμοῦ
605 2194 716 2262 καὶ
759 2206 1005 2282 ψυχῆς,
1051 2195 1191 2261 ἐπεὶ
1238 2196 1319 2262 οὐ
1368 2197 1651 2262 δύνασαι
1697 2200 1783 2263 σὺ
1828 2200 2166 2263 τανύσσαι.

333 2304 414 2369 οὐ
459 2303 585 2388 γάρ
631 2324 735 2367 τοι
781 2300 931 2383 σέγε
975 2311 1163 2366 τοῖον
1208 2300 1504 2384 ἐγείνατο
1550 2304 1786 2367 πότνια
1831 2304 2041 2389 μήτηρ
2059 2351 2078 2385 ,

331 2401 480 2475 οἶόν
521 2430 592 2473 τε
640 2405 891 2502 ῥυτῆρα
935 2410 1090 2490 βιοῦ
1134 2403 1191 2470 τ’
1236 2407 1463 2489 ἔμεναι
1507 2404 1618 2470 καὶ
1664 2406 1933 2472 ὀιστῶν·
2000 2394 2327 2463 ‘³ka

330 2510 473 2580 ἀλλ’
519 2515 710 2579 ἄλλοι
755 2513 1074 2577 τανύουσι
1118 2510 1281 2598 τάχα
1325 2520 1692 2597 μνηστῆρες
1736 2511 2037 2595 ἀγαυοί.“
2064 2522 2282 2584 Mna-»x

225 2639 303 2680 17⁵
422 2619 511 2696 ὣς
546 2618 741 2704 φάτο,
779 2620 898 2681 καί
928 2614 991 2702 ῥ’
1027 2613 1325 2682 ἐκέλευσε
1353 2617 1777 2701 Μελάνθιον,
1814 2620 2090 2685 αἰπόλον
2118 2621 2352 2702 αἰγῶν·

422 2725 655 2807 ,,ἅγρει
703 2725 820 2806 δή,
863 2731 997 2807 πῦρ
1044 2732 1210 2808 κῆον
1256 2721 1357 2789 ἐνὶ
1402 2723 1780 2809 μεγάροισι,
1824 2726 2220 2808 Μελανθεῦ,

0 2902 3 2907 ,
330 2830 464 2912 πὰρ
511 2825 586 2894 δὲ
629 2831 808 2894 τίθει
855 2830 1100 2913 δίφρόν
1145 2851 1213 2894 τε
1260 2827 1471 2912 με’γαν
1516 2827 1627 2894 καὶ
1670 2838 1844 2906 κῶας
1889 2828 1986 2895 ἐπ’
2031 2830 2269 2913 αὐτοῦ,

100 2901 241 2996 (aab
332 2934 405 2999 ἐκ
451 2930 526 2999 δὲ
571 2932 837 3018 στ-έατος
883 2935 1092 2999 ἔνεικε
1137 2930 1345 3018 μέγαν
1390 2936 1631 3019 τροχὸν
1679 2936 1877 3000 ἔνδον
1926 2935 2175 3019 ἐόντος,

333 3042 511 3125 ὄφρα
555 3036 698 3104 νέοι
742 3038 1147 3123 θάλποντες,
1194 3038 1597 3125 ἐπιχρίοντες
1642 3038 1917 3124 ἀλοιφῇ,

226 3167 305 3207 180
331 3143 528 3223 τόξου
572 3144 999 3229 πειρώμεσθα
1042 3140 1153 3209 καὶ
1200 3142 1594 3227 ἐκτελέωμεν
1640 3145 1951 3210 ἅεθλον.“

419 3248 509 3327 ὣς
546 3241 745 3335 φάθ’,
781 3247 818 3314 ὁ
849 3244 909 3311 δ’
945 3243 1086 3327 αἶψ’
1121 3245 1382 3313 ἀνέκαιε
1410 3248 1803 3325 Μελάνθιος
1836 3248 2167 3333 ἀκάματον
2196 3261 2353 3335 πῦρ,

330 3355 463 3438 πὰρ
510 3349 586 3420 δὲ
630 3353 856 3440 φέρων
903 3356 1149 3438 δίφρον
1192 3360 1404 3438 θῆκεν
1450 3351 1559 3418 καὶ
1603 3365 1776 3430 κῶας
1821 3352 1918 3418 ἐπ’
1964 3355 2200 3438 αὐτοῦ,

331 3458 404 3525 ἐκ
450 3455 526 3526 δὲ
572 3459 836 3538 στέατος
881 3462 1087 3525 ἔνεικε
1132 3457 1341 3543 μέγαν
1385 3461 1626 3544 τροχὸν
1672 3460 1871 3525 ἔνδον
1917 3458 2159 3537 ἐόντος.

330 3574 419 3654 τῷ
470 3565 556 3651 ῥα
600 3563 744 3631 νέοι
788 3566 1157 3643 θάλποντες
1202 3563 1539 3650 ἐπειρῶντ’
1561 3586 1576 3601 ·
1623 3565 1706 3630 οὐ
1754 3560 1828 3630 δὲ
1875 3567 2163 3634 δύναντο
