2650 3909
1274 22 1445 139 137

659 285 690 334 ρ
729 266 840 332 (17)
880 260 1157 347 ἐπάνοδος
1198 263 1524 334 Τηλεμάχου
1564 263 1643 328 εἰς
1674 263 1926 333 Ἰθάκην.
2219 263 2293 327 81

282 429 746 513 πρυμνότατον
791 426 955 490 κατὰ
999 436 1235 491 νῶτον.
1329 426 1366 491 ὁ
1415 424 1475 490 δ’
1522 425 1767 509 ἐστάθη
1814 426 1970 509 ἠύτε
2015 422 2215 509 πέτρη
2271 430 2301 501 ξ
2336 425 2537 505 ΚΜ

285 533 603 615 ἔμπεδον,
651 528 798 596 οὐδ’
844 532 972 615 ἄρα
1019 554 1134 615 μιν
1182 536 1435 615 σφῆλεν
1482 530 1673 613 βέλος
1711 530 2101 596 Ἀντινόοιο·
2335 501 2554 582 Ὃςοιί·

177 658 258 699 465
286 635 430 703 ἀλλ’
476 635 687 702 ἀκέων
730 639 957 720 κίνησε
1004 635 1169 721 κάρη
1216 636 1385 700 κακὰ
1430 638 1966 720 βυσσοδομεύων.

285 743 379 821 ἂψ
408 741 469 807 δ’
499 742 535 806 ὅ
562 737 624 824 γ’
651 739 751 806 ἐπ’
778 741 983 806 οὐδὸν
1014 742 1137 806 ἰὼν
1164 739 1301 805 κατ’
1331 737 1436 826 ἄρ’
1468 741 1663 826 ἕζετο,
1690 742 1816 807 κάδ
1846 736 1906 806 δ’
1932 743 2059 823 ἄρα
2087 742 2307 823 πήρην

283 854 496 931 θῆκεν
543 845 888 928 εὐπλείην,
934 846 1094 929 μετὰ
1142 841 1217 909 δὲ
1263 856 1673 930 μνηστῆρσιν
1720 849 1916 911 ἔειπε·

376 949 693 1036 ,,κε’κλυτε’
734 974 888 1036 μευ,
935 958 1302 1035 μνηστῆρες
1349 948 1731 1035 ἀγακλειτῆς
1774 953 2139 1034 βασιλείης,

287 1056 438 1144 ὄφρ’
487 1064 646 1123 εἴπω
693 1057 772 1121 τά
817 1079 896 1139 με
942 1058 1162 1138 θυμὸς
1208 1053 1309 1120 ἐνὶ
1357 1057 1674 1139 στήθεσσι
1719 1057 1987 1121 κελεύει.

178 1183 260 1222 470
288 1163 370 1228 οὐ
417 1162 565 1244 μὰν.
594 1159 733 1226 οὔτ’
779 1162 935 1246 ἄχος
983 1159 1121 1225 ἐστὶ
1168 1161 1327 1244 μετὰ
1372 1159 1612 1246 φρεσὶν
1660 1159 1819 1226 οὔτέ
1856 1184 1920 1226 τι
1964 1158 2246 1241 πένθος,

288 1264 517 1334 ὁππότ’
563 1264 732 1350 ἀνὴρ
778 1265 927 1349 περὶ
975 1258 1110 1330 οἷσι
1156 1269 1587 1350 μαχειόμενος
1630 1266 1963 1331 κτεάτεσσι

287 1375 585 1456 βλήεται,
631 1370 672 1453 ἢ
702 1362 866 1453 ’περὶ
910 1369 1151 1454 βουσὶν
1197 1370 1238 1453 ἢ
1285 1370 1607 1455 ἀργεννῇς
1653 1372 1931 1437 ὀίεσσιν·

288 1477 495 1555 αὐτὰρ
544 1470 643 1559 ἔμ’
689 1471 1023 1551 Ἀντίνοος
1069 1474 1228 1558 βάλε
1276 1474 1591 1561 γαστέρος
1638 1477 1852 1544 εἵνεκα
1900 1481 2175 1561 λυγρῆς,

289 1580 681 1665 οὐλομένης,
726 1579 768 1662 ἣ
814 1580 1024 1644 πολλὰ
1069 1578 1212 1645 κάκ’
1257 1580 1675 1666 ἀνθρώποισι
1724 1581 2019 1645 δίδωσιν.

181 1707 261 1748 4⁷5
290 1685 434 1752 ἀλλ’
479 1692 553 1750 εἴ.
582 1706 712 1750 που
757 1695 1034 1769 πτωχῶν
1081 1709 1154 1769 γε
1200 1683 1353 1751 θεοὶ
1398 1683 1506 1749 καὶ
1547 1681 1840 1770 Ἐρινύες
1884 1686 2086 1767 εἰσίν,

283 1787 620 1860 Ἀντίνοον
665 1792 792 1872 πρὸ
840 1791 1075 1873 γάμοιο
1123 1787 1308 1867 τέλος
1354 1792 1674 1855 θανάτοιο
1721 1791 1991 1874 κιχείη.“

377 1899 493 1962 τὸν
542 1893 600 1961 δ’
648 1890 791 1960 αὖτ’
836 1893 1172 1972 Ἀντίνοος
1217 1894 1549 1982 προσέφη,
1596 1895 1965 1973 Εὐπείθεος
2008 1897 2177 1972 υἱός·

381 1999 594 2085 ,,ἔσθι’
642 1984 905 2084 ἕκηλος,
955 1999 1156 2084 ξεῖνε,
1202 2004 1611 2086 καθήμενος,
1657 2001 1699 2084 ἢ
1746 2000 1934 2066 ἄπιθ’
1977 2003 2174 2088 ἄλλῃ,

292 2109 380 2191 μή
426 2123 498 2172 σε
543 2105 685 2172 νέοι
732 2107 843 2170 διὰ
889 2104 1134 2188 δώματ’
1178 2104 1530 2189 ἐρύσσωσ’,
1577 2097 1663 2171 οἷ’
1710 2105 2079 2190 ἀγορεύεις,
2521 2168 2576 2195 »Γ

184 2233 266 2273 480
291 2212 333 2295 ἢ
377 2213 582 2287 ποδὸς
625 2209 666 2294 ἢ
711 2207 821 2275 καὶ
866 2214 1111 2294 χειρός,
1156 2209 1591 2296 ἀποδρύψωσι
1639 2206 1714 2274 δὲ
1758 2186 2574 2275 πάντα.“’ῦίυνῖἶῖΜΜὟΜοὲ

382 2317 471 2393 ὣς
515 2313 744 2399 ἔφαθ’,
790 2315 861 2379 οῖ
903 2311 964 2379 δ’
1007 2316 1133 2399 ἄρα
1178 2314 1416 2390 πάντες
1459 2314 1879 2399 ὑπερφιάλως
1922 2314 2306 2399 νεμέσησαν.

292 2416 422 2487 ὧδε
469 2417 551 2485 δέ
588 2442 687 2495 τις
730 2406 985 2484 εἴπεσκε
1032 2417 1205 2483 νέων
1249 2419 1867 2505 ὑπερηνορεόντων·

385 2521 728 2609 ,,Ἀντίνο’,
775 2524 855 2590 οὐ
902 2520 1025 2608 μὲν
1068 2522 1211 2608 κάλ’
1259 2527 1487 2608 ἔβαλες
1533 2525 1864 2608 δύστηνον
1911 2523 2191 2609 ἀλήτην,

295 2628 634 2714 οὐλόμεν’,
679 2632 743 2695 εἰ
786 2632 869 2714 δή
915 2651 1045 2695 που
1089 2653 1188 2707 τις
1233 2629 1626 2714 ἐπουράνιος
1669 2632 1830 2706 θεός
1875 2629 2029 2695 ἐστι.

188 2757 269 2798 485
295 2740 411 2803 καί
449 2760 517 2801 τε
562 2734 711 2801 θεοὶ
758 2735 1074 2814 ξείνοισιν
1120 2735 1404 2813 ἐοικότες
1449 2736 1917 2819 ἀλλοδαποῖσι,

295 2852 596 2907 παντοῖοι
641 2838 1054 2925 τελέθοντες,
1101 2840 1562 2928 ἐπιστρωφῶσι
1609 2845 1888 2926 πόληας,

297 2947 674 3031 ἀνθρώπων
717 2946 916 3030 ὕβρίν
961 2969 1030 3011 τε
1076 2944 1185 3011 καὶ
1230 2947 1550 3031 εὐνομίην
1596 2946 2025 3032 ἐφορῶντες.“

386 3051 474 3127 ὣς
518 3049 623 3136 ἄρ’
669 3053 840 3134 ἔφαν
884 3060 1276 3136 μνηστῆρες,
1323 3053 1360 3118 ὁ
1408 3050 1469 3116 δ’
1527 3052 1649 3117 οὐκ
1695 3051 2005 3135 ἐμπάζετο
2053 3053 2310 3135 μύθων.

308 3154 678 3242 Τηλέμαχος
724 3154 785 3221 δ’
828 3155 901 3220 ἐν
947 3152 1068 3239 μὲν
1113 3155 1563 3241 κραδίῃ-μέγα
1607 3155 1856 3233 πένθος
1902 3155 2045 3234 ἄεξε

190 3282 272 3323 490
298 3260 654 3346 βλημένου,
692 3262 773 3326 οὐ
811 3259 870 3325 δ’
909 3263 1034 3344 ἄρα
1073 3260 1284 3344 δάκρυ
1320 3259 1521 3345 χαμαὶ
1558 3262 1760 3345 βάλεν
1795 3261 1866 3326 ἐκ
1892 3261 2308 3348 βλεφάροιιν,

298 3363 441 3431 ἀλλ’
486 3365 696 3431 ἀκέων
742 3370 966 3450 κίνησε
1005 3367 1179 3452 ,κάρη
1226 3367 1392 3432 κακὰ
1436 3369 1971 3451 βυσσοδομεύων.

386 3481 506 3536 τοῦ
552 3470 612 3535 δ’
659 3473 747 3548 ὡς
790 3467 914 3537 οὖν
956 3474 1198 3556 ἤκουσε
1244 3476 1590 3558 περίφρων
1637 3478 2056 3558 Πηνελόπεια

296 3573 630 3660 βλημένου
678 3574 751 3641 ἐν
797 3578 1087 3667 μεγάρῳ,
1134 3575 1270 3663 μετ’
1313 3579 1442 3664 ἄρα
1490 3580 1788 3670 δμωῇσιν
1836 3580 2075 3644 ἔειπεν·

404 3689 701 3740 Ludwich,
728 3690 861 3731 Hom.
893 3691 1092 3741 Odyssea
1133 3693 1195 3732 11.
1855 3689 1886 3736 6
