2650 3909
378 228 500 291 128
822 250 857 283 υ
895 230 1007 301 (20)
1043 228 1114 284 τὰ
1149 229 1256 301 πρὸ
1294 237 1394 298 τῆς
1430 230 1934 299 μνηστηροφονίας.

374 388 454 454 οὐ
501 390 627 474 γὰρ
678 393 846 466 Ζεὺς
890 396 1066 455 εἴασε
1113 392 1452 475 Κρονίων·
1500 402 1589 455 τῶ
1636 388 1715 455 κέ
1756 414 1871 474 μιν
1914 390 2041 473 ἤδη

372 495 715 578 παύσαμεν
762 494 835 559 ἐν
882 495 1227 580 μεγάροισι
1272 497 1470 579 λιγύν
1514 518 1637 580 περ
1684 493 1852 561 ἐόντ’
1900 494 2145 579 ἀγορητ
2232 492 2291 557 .“
2328 555 2343 567 „

264 618 345 659 2⁷5
463 598 551 674 ὣς
596 593 778 683 ἔφατ’
823 595 1183 678 Ἀντίνοος·
1233 602 1270 667 6
1319 599 1381 665 δ’
1424 597 1528 683 ἄρ’
1575 601 1697 667 οὐκ
1743 601 2051 685 ἐμπάζετο
2097 599 2356 682 μύθων.

373 705 651 786 κήρυκες
694 701 755 769 δ’
801 704 929 770 ἀνὰ
976 707 1140 770 ἄστυ
1187 712 1371 771 θεῶν
1420 706 1607 792 ἱερὴν
1654 703 2021 790 ἑκατόμβην

372 804 566 892 ἦγον·
613 807 715 875 τοὶ
762 807 822 874 δ’
865 809 1186 895 ἀγέροντο
1232 814 1772 896 καρηκομόωντες
1807 808 2088 896 Ἀχαιοὶ.

373 914 574 991 ἄλσος
617 915 749 980 ὕπο
795 916 1062 1001 σκιερὸν
1110 912 1516 999 ἑκατηβόλου
1556 912 1984 992 Ἀπόλλωνος.

463 1020 534 1085 οἱ
574 1017 636 1084 δ’
683 1018 821 1084 ἐπεὶ
869 1021 1177 1103 ὤπτησαν
1222 1019 1359 1106 κρέ’
1404 1019 1726 1107 ὑπέρτερα
1772 1019 1882 1086 καὶ
1927 1021 2277 1107 ἐρύσαντο,

266 1144 348 1184 280
374 1126 609 1208 μοίρας
653 1125 1054 1209 δασσάμενοι
1100 1123 1400 1192 δαίνυντ’
1448 1125 1753 1211 ἐρικυδέα
1799 1128 2007 1192 δαῖτα.

373 1230 504 1314 πὰρ
554 1226 615 1294 δ’
656 1227 760 1315 ἄρ’
802 1228 1109 1314 Ὀδυσσῆι
1154 1242 1395 1317 μοῖραν
1440 1230 1653 1297 θέσαν
1700 1235 1771 1298 οἳ
1808 1229 2125 1297 πονέοντο

376 1340 558 1418 ἴσην,
604 1335 693 1411 ὡς
738 1335 933 1401 αὐτοί
970 1358 1091 1418 περ
1141 1335 1533 1421 ἐλάγχανον·
1585 1337 1674 1413 ὣς
1717 1337 1843 1421 γὰρ
1891 1335 2129 1418 ἀνώγει

384 1437 787 1525 Τηλέμαχος,
833 1444 1025 1525 φίλος
1068 1443 1216 1519 υίὸς
1254 1437 1615 1525 Ὀδυσσῆος
1657 1445 1894 1508 θείοιο.

375 1553 749 1630 μνηστῆρας
793 1543 853 1610 δ’
902 1545 983 1610 ού
1028 1547 1299 1631 πάμπαν
1348 1546 1679 1631 ἀγήνορας
1723 1552 1826 1611 εἴα
1864 1541 2113 1629 Ἀθήνη

269 1671 348 1711 285
378 1651 594 1734 λώβης
641 1657 946 1735 ἴσχεσθαι
989 1651 1398 1736 θυμαλγέος,
1446 1650 1598 1737 ὄφρ’
1642 1653 1736 1715 ἔτι
1782 1654 2035 1734 μᾶλλον

32 1739 175 1866 ζῇ)
376 1756 504 1839 δύη
551 1757 709 1840 ἄχος
752 1756 1031 1840 κραδίην
1077 1757 1495 1842 Λαερτιάδην
1534 1753 1833 1837 Ὀδυσῆα.

124 1867 137 1878 ‘
375 1856 460 1945 ἦν
508 1858 589 1925 δέ
627 1883 725 1936 τις
772 1858 844 1924 ἐν
889 1869 1297 1945 μνηστῆρσιν
1345 1859 1515 1943 ἀνὴρ
1561 1858 1910 1943 ἀθεμίστια
1955 1858 2179 1941 εἰδώς,

377 1968 763 2049 Κτήσιππος
808 1962 870 2028 δ’
914 1962 1102 2048 ὄνομ’
1149 1968 1325 2049 ἔσκε,
1372 1965 1568 2051 Σάμῃ
1615 1962 1674 2028 δ’
1723 1962 1823 2028 ε’νὶ
1870 1965 2045 2030 οἰκία
2089 1974 2302 2029 ναῖεν·

378 2070 450 2146 ὃς
495 2071 579 2153 δή
625 2092 727 2135 τοι
773 2069 1109 2135 κτεάτεσσι
1152 2074 1494 2147 πεποιθὼς
1536 2073 1949 2136 θεσπεσίοισι

270 2196 351 2236 290
377 2172 679 2259 μνάσκετ’
724 2170 1083 2258 Ὀδυσσῆος
1128 2177 1257 2260 δὴν
1303 2174 1677 2261 οἰχομένοιο
1726 2175 2039 2261 δάμαρτα.

378 2275 452 2357 ὅς
498 2280 582 2366 ῥα
626 2283 771 2345 τότε
817 2290 1228 2366 μνηστῆρσιν
1270 2281 1744 2367 ὑπερφιάλοισι
1789 2282 2104 2366 μετηύδα·

468 2383 785 2470 ,,κέκλυτέ
823 2409 979 2470 μευ,
1026 2395 1391 2473 μνηστῆρες
1437 2386 1789 2473 ἀγήνορες,
1835 2388 2010 2471 ὄφρά
2054 2410 2118 2452 τι
2163 2393 2348 2450 εἴπω·

378 2503 618 2577 μοῖραν
663 2488 784 2575 μὲν
832 2492 915 2575 δὴ
962 2490 1176 2569 ξεῖνος
1221 2495 1354 2576 ἔχει
1400 2493 1635 2574 πάλαι,
1679 2492 1769 2567 ὡς
1814 2489 2138 2573 ἐπέοικεν,
2222 2567 2232 2580 ³

381 2603 555 2678 ἴσην·
604 2594 686 2660 οὐ
729 2596 857 2679 γὰρ
901 2597 1108 2660 καλὸν
1152 2594 1492 2690 ἀῃξμβειν,
1539 2590 1700 2661 οὐδὲ
1747 2595 2036 2676 δίκαιον,
2163 2587 2334 2652 §Hs-TE

270 2722 352 2762 295
381 2701 634 2777 ξείνους
687 2699 1102 2782 Τηλεμάχου,
1147 2698 1220 2774 ὅς
1263 2722 1380 2764 κεν
1423 2699 1581 2762 τάδε
1629 2695 1884 2780 δώμαθ’
1933 2699 2163 2781 ἵκηται.

379 2801 522 2869 ἀλλ’
565 2804 682 2885 ἄγε
728 2803 799 2868 οἱ
837 2800 947 2866 καὶ
993 2801 1122 2885 ἐγὼ
1171 2804 1265 2868 δῶ
1312 2802 1594 2885 ξείνιον,
1639 2804 1817 2887 ὄφρα
1860 2799 1971 2866 καὶ
2016 2801 2214 2878 αὐτὸς

30 2911 135 2981 ais·-
170 2905 455 2993 wzwmffi
500 2911 865 2997 λοετροχόῳ
912 2908 1050 2995 δώῃ
1096 2907 1291 2995 γέρας
1334 2906 1416 2992 ἠέ
1453 2931 1546 2997 τῳ
1591 2909 1770 2996 ἅλλφ

382 3015 651 3098 δμώων,
698 3017 768 3079 οἳ
809 3016 971 3079 κατὰ
1018 3011 1261 3098 δώματ’
1305 3012 1664 3097 Ὀδυσσῆος
1705 3013 1988 3080 θείοιο.“

470 3118 558 3195 ὣς
601 3120 805 3185 εἰπὼν
852 3123 1080 3206 ἔρριψε
1125 3122 1283 3204 βοὸς
1326 3121 1500 3185 πόδα
1545 3118 1716 3206 χειρὶ
1759 3123 2023 3206 παχείῃ,

271 3249 355 3288 800
382 3228 686 3308 κείμενον
732 3225 806 3291 ἐκ
849 3223 1112 3293 κανέοιο
1160 3226 1410 3310 λαβών·
1458 3227 1495 3292 6
1543 3223 1606 3290 δ’
1649 3223 1911 3290 ἀλεύατ’
1954 3223 2308 3300 Ὀδυσσεὺς

379 3325 505 3412 ἦκα
549 3335 952 3415 παρακλίνας
994 3334 1321 3417 κεφαλήν,
1367 3334 1635 3416 μείδησε
1682 3326 1756 3395 δὲ
1800 3336 1996 3417 θυμῷ

383 3436 743 3517 σαρδόνιον
788 3438 963 3521 μάλα
1006 3449 1217 3504 τοῖον·
1266 3438 1302 3505 6
1349 3434 1410 3502 δ’
1455 3437 1786 3518 εὔδμητον
1831 3436 1993 3518 βάλε
2036 3446 2279 3521 τοῖχον.

381 3540 769 3621 Κτήσιππον
815 3539 875 3605 δ’
923 3542 1051 3624 ἄρα
1106 3539 1480 3625 Τηλέμαχος
1523 3538 1807 3621 ἠνίπαπε
1852 3540 2076 3628 μύθῳ·
