2650 3909
150 301 164 318 .
299 236 426 300 166
534 247 583 305 ψ
620 239 734 305 (23)
763 233 1067 299 Ὀδυσσέως
1101 235 1209 290 ὑπὸ
1246 232 1581 304 Πηνελόπης
1615 231 2052 304 ἀναγνωρισμός.

33 364 100 452 (7⁰
190 420 268 459 115
295 406 425 461 νῦν
470 393 530 460 δ’
580 395 717 460 ὅττι
763 396 1025 484 ῥυπόω,
1069 396 1235 461 κακὰ
1282 391 1358 459 δὲ
1400 396 1555 480 χροῒ
1595 395 1823 479 εἵματα
1868 385 2077 478 εἷμαι,

292 497 553 565 τούνεκ’
586 500 874 585 ἀτιμάζει
919 523 998 584 με
1043 499 1153 565 καὶ
1200 501 1280 565 οὔ
1324 501 1427 564 πώ
1472 517 1636 584 φησι
1680 502 1796 565 τὸν
1842 494 2033 563 εἶναι.

292 604 478 690 ἡμεῖς
524 602 598 670 δὲ
640 600 1018 690 φραζώμεθ’
1065 605 1240 680 ὅπως
1284 600 1381 689 ὄχ’
1427 605 1661 689 ἄριστα
1705 600 1986 686 γένηται.

54 758 123 877 ι»
141 748 204 859 Η)
294 708 1009 902 ’,ἕὶμὴ
1040 707 2071 899 ιῖζεηῑξζῑῑῑεῑςῑξᾝῖ
2091 836 2236 871 m.
2418 775 2537 889 ι»

193 944 270 983 120
296 922 529 1005 φεύγει
571 922 781 1011 πηρύς
824 943 892 984 τε
936 920 1278 1002 προλιπὼν
1324 916 1436 983 καὶ
1479 919 1761 1004 πατρίδα
1808 929 2030 1001 γαῖαν·
2137 923 2451 987 xlta-uma...-

55 984 220 1124 [⁰⁴⁶2
295 1024 483 1109 ἡμεῖς
527 1023 590 1090 δ’
633 1024 796 1111 ἕρμα
839 1027 1085 1108 πόληος
1131 1021 1529 1108 ἀπέκταμεν,
1575 1026 1646 1089 οἳ
1684 1020 1829 1107 μέγ’
1869 1024 2125 1104 ἄριστοι

297 1131 559 1215 κούρων
603 1132 705 1195 εἰν
742 1127 991 1215 Ἰθάκῃ.
1082 1129 1161 1192 τὰ
1208 1125 1288 1192 δέ
1327 1145 1400 1192 σε
1445 1129 1813 1212 φράζεσθαι
1858 1128 2145 1211 ἄνωγα.“

385 1237 503 1301 τὸν
549 1232 611 1300 δ’
656 1229 742 1299 αὖ
797 1216 1172 1320 Τηλέμαχος
1212 1233 1627 1318 πεπνυμένος
1670 1234 1900 1299 ἀντίον
1941 1234 2142 1318 ηὔδα·

389 1339 629 1425 ,,αὐτὸς
654 1339 860 1405 ταῦτά
887 1362 959 1422 γε
989 1344 1249 1421 λεῦσσε,
1280 1339 1483 1425 πάτερ
1512 1344 1691 1424 φίλε·
1729 1342 1854 1424 σὴν
1881 1340 2007 1425 γὰρ
2035 1337 2311 1424 ἀρίστην

195 1468 273 1508 125
299 1454 496 1529 μῆτιν
540 1441 640 1510 ἐπ’
682 1443 1084 1531 ἀνθρώπους
1126 1440 1283 1529 φάσ’
1331 1446 1633 1528 ἔμμεναι,
1679 1442 1843 1509 οὐδέ
1879 1442 1960 1509 κέ
1999 1447 2097 1519 τίς
2140 1465 2244 1508 τοι

195 1575 273 1615 126
301 1551 499 1626 ἄλλος
545 1549 712 1636 ἀνὴρ
760 1549 999 1636 ἐρίσειε
1042 1555 1476 1632 καταθνητῶν
1522 1547 1962 1633 ἀνθρώπων.“

197 1680 273 1718 129
387 1657 505 1721 τὸν
543 1652 605 1719 δ’
638 1652 1162 1740 ἀπαμειβόμενος
1196 1652 1502 1739 προσέφη
1538 1654 1900 1737 πολύμητις
1937 1647 2311 1728 Ὀδυσσεύς·

195 1784 273 1824 130
390 1758 536 1843 ,,τοὶ
581 1762 707 1846 γὰρ
756 1759 926 1843 ἐγὼν
972 1758 1164 1845 ἐρέω,
1209 1761 1297 1835 ῶς
1342 1783 1454 1842 μοι
1501 1759 1689 1823 δοκεῖ
1728 1753 1899 1822 εἶναι
1939 1758 2187 1840 ἄριστα.

299 1876 523 1951 πρῶτα
566 1862 688 1950 μὲν
735 1865 818 1951 ἂρ
864 1866 1199 1929 λούσασθε
1245 1860 1355 1927 καὶ
1400 1859 1816 1945 ἀμφιέσασθε
1860 1870 2166 1945 χιτῶνας,

300 1970 524 2058 δμῳὰς
569 1967 629 2034 δ’
675 1969 750 2035 έν
795 1970 1182 2053 μεγάροισιν
1229 1966 1516 2048 ἀνώγετε
1562 1962 1781 2049 εἵμαθ’
1831 1962 2126 2029 ἑλέσθαι·

300 2075 506 2158 αὐτὰρ
550 2081 740 2151 θεῖος
781 2071 1009 2149 ἀοιδὸς
1053 2075 1222 2156 ἔχων
1268 2074 1606 2157 φόρμιγγα
1652 2073 1907 2153 λίγειαν

298 2180 458 2264 ἡμῖν
503 2180 797 2263 ἡγείσθω
842 2181 1368 2279 φιλοπαίγμονος
1412 2176 1812 2262 ὀρχηθμοῖο,
1835 2139 2301 2276 ‘ww

196 2308 273 2348 135
302 2286 391 2361 ὥς
433 2284 548 2350 κέν
593 2308 692 2361 τις
735 2288 899 2369 φαίη
946 2278 1161 2368 γάμον
1208 2285 1481 2367 ἔμμεναι
1529 2281 1712 2358 ἐκτὸς
1755 2282 2019 2347 ἀκούων

301 2390 342 2474 ἢ
388 2387 493 2454 ἀν’
537 2390 700 2456 ὁδὸν
747 2394 1023 2475 στείχων
1066 2388 1109 2472 ἢ
1154 2391 1225 2455 οἳ
1263 2387 1820 2474 περιναιετάουσι·

300 2497 389 2580 μὴ
435 2499 692 2581 πρόσθε
738 2494 929 2572 κλέος
972 2495 1135 2580 εὐρὺ
1180 2498 1396 2580 φόνου
1442 2494 1606 2558 κατὰ
1650 2494 1814 2557 ἄστυ
1860 2491 2128 2576 γένηται

302 2600 567 2685 ἀνδρῶν
613 2604 1039 2686 μνηστήρων,
1083 2603 1242 2684 πρίν
1286 2596 1348 2682 γ’
1392 2597 1594 2683 ἡμέας
1640 2596 1919 2682 ἐλθέμεν
1965 2596 2086 2674 ἔξω

302 2704 510 2789 ἀγρὸν
557 2703 623 2780 ἐς
665 2701 984 2786 ἡμέτερον
1029 2701 1550 2783 πολυδένδρεον·
1596 2705 1764 2768 ἔνθα
1811 2699 1871 2765 δ’
1921 2704 2141 2767 ἔπειτα

197 2833 275 2871 140
301 2804 714 2893 φρασσόμεθ’
760 2807 906 2872 ὅττί
943 2829 1015 2872 κε
1060 2805 1294 2892 κέρδος
1331 2804 1681 2891 Ὀλύμπιος
1726 2805 2139 2892 έγγυαλίξῃ.“

389 2911 478 2988 ὣς
510 2908 739 2996 ἔφαθ’,
775 2912 848 2976 οἱ
879 2908 941 2976 δ’
974 2913 1102 2997 ἄρα
1128 2921 1248 2977 τοῦ
1284 2912 1459 2996 μάλα
1483 2907 1606 2995 μὲν
1634 2913 1842 2978 κλύον
1869 2909 1989 2995 ἠδὲ
2014 2916 2314 2977 πίθοντο.

300 3028 523 3102 πρῶτα
568 3012 691 3101 μὲν
737 3011 862 3082 οὖν
907 3018 1233 3083 λούσαντο
1278 3015 1388 3083 καὶ
1435 3015 1839 3102 ἀμφιέσαντο
1885 3027 2193 3102 χιτῶνας,

19 3095 624 3201 ΞιὶΛν«νώ-μ’ῗίπλισθεν
671 3119 746 3187 δὲ
792 3134 1126 3206 γυναῖκες·
1173 3123 1209 3189 ὁ
1257 3119 1318 3188 δ’
1366 3124 1575 3188 εἵλετο
1620 3129 1809 3199 θεῖος
1855 3121 2079 3196 ἀοιδὸς

301 3216 635 3312 φ”όρμιγγα
681 3229 1068 3311 γλαφυρήν,
1112 3225 1185 3291 ἐν
1232 3224 1314 3291 δέ
1355 3243 1585 3310 σφισιν
1629 3228 1861 3311 ἵμερον
1905 3221 2076 3310 ὦρσε

196 3353 273 3393 145
301 3337 553 3416 μολπῆς
595 3353 666 3396 τε
711 3336 1032 3418 γλυκερῆς
1076 3330 1186 3396 καὶ
1230 3331 1570 3416 ἀμύμονος
1612 3332 1998 3416 ὀρχηθμοῖο.

299 3445 514 3499 τοῖσιν
561 3432 636 3500 δὲ
680 3435 847 3520 μέγα
894 3439 1081 3521 δῶμα
1125 3439 1683 3522 περιστεναχίζετο
1729 3433 1972 3500 ποσσὶν

303 3536 571 3624 ἀνδρῶν
614 3544 983 3618 παιζόντων
1027 3543 1447 3619 καλλιζώνων
1490 3562 1561 3604 τε
1605 3549 1963 3621 γυναικῶν.
