2650 3909
905 291 949 324 ω
984 272 1099 341 (24)
1134 269 1373 341 δευτέρα
1409 254 1625 326 νέκυια.
2146 268 2276 332 175

257 432 445 520 δήμῳ
494 433 594 497 ἔνι
651 433 930 516 Τρώων,
975 431 1091 497 ὅθι
1137 431 1473 517 πάσχομεν
1519 428 1695 513 ἄλγε’
1746 427 2008 514 Ἀχαιοί.

26 525 210 633 υωΠῚ
253 532 297 619 ἦ
343 534 403 602 τ’
441 537 572 622 ἄρα
615 539 727 602 καὶ
773 534 879 602 σοὶ
925 547 1097 622 etQ-{n
1142 539 1684 622 παραστήσεσθαι
1730 538 1957 620 ἔμελλε

67 730 73 737 ·
254 639 463 725 Μοῖρ’
512 642 703 726 ὀλοή,
748 643 869 725 τὴν
916 643 997 707 οὔ
1041 667 1141 719 τις
1186 642 1520 726 ἀλεύεται,
1565 643 1637 718 ὅς
1680 663 1753 706 κε
1799 638 2086 724 γένηται.

171 769 228 809 ³0
256 748 347 824 ὡς
392 749 626 832 ὄφελες
669 757 858 832 τιμῆς
903 747 1347 833 ἀπονήμενος,
1391 743 1469 830 ἧς
1512 769 1634 834 περ
1682 748 1989 827 ἄνασσες,

256 854 446 942 δήμῳ
494 856 594 918 ἔνι
650 854 894 938 Τρώων
939 854 1241 918 θάνατον
1284 851 1396 918 καὶ
1439 856 1693 937 πότμον
1741 852 2064 918 ἐπισπεῖν·

254 970 345 1023 τῶ
391 957 508 1024 κέν
552 982 655 1025 τοι
699 960 954 1042 τύμβον
999 955 1122 1043 μὲν
1169 957 1485 1042 ἐποίησαν
1530 960 1937 1043 Παναχαιοί,

255 1062 381 1146 ἠδέ
419 1086 493 1129 κε
539 1062 649 1128 καὶ
696 1072 790 1151 σῷ
835 1065 1025 1129 παιδὶ
1070 1062 1237 1147 μέγα
1280 1063 1475 1141 κλέος
1519 1060 1664 1148 ἤροί
1712 1063 1989 1128 ὀπίσσω·

255 1178 384 1233 νῦν
433 1165 493 1232 δ’
539 1169 668 1253 ἄρα
713 1166 775 1233 σ’
819 1171 1122 1257 οἰκτίστῳ
1168 1168 1442 1258 θανάτῳ
1489 1170 1758 1253 εἵμαρτο
1805 1166 2117 1233 ἁλώναι.“

174 1292 229 1333 ⁸5
346 1276 463 1339 τὸν
509 1271 570 1338 δ’
614 1268 770 1339 αὖτε
816 1276 996 1359 ψυχὴ
1042 1275 1507 1359 προσεφώνεεν
1546 1268 1906 1360 Ἀτρείδαο·

349 1379 577 1463 »ὄλβιε
625 1376 884 1462 Πηλέος
927 1377 1063 1461 υἰέ,
1108 1384 1295 1455 θεοῖς
1342 1375 1640 1443 ἐπιείκελ’
1688 1374 2015 1463 Ἀχιλλεῦ,

259 1481 334 1560 ὃς
376 1485 584 1560 θάνες
628 1483 704 1550 έν
758 1488 961 1570 Τροίῃ
1009 1481 1157 1559 ἑκὰς
1190 1481 1490 1569 Ἄργεος·
1536 1480 1704 1568 ἀμφὶ
1751 1482 1831 1547 δέ
1871 1479 1933 1547 σ’
1976 1484 2165 1549 ἄλλοι

259 1592 598 1655 κτείνοντο
655 1590 902 1674 Τρώων
948 1590 1058 1654 καὶ
1095 1586 1377 1673 Ἀχαιῶν
1421 1580 1562 1665 υἷες
1606 1590 1895 1674 ἄριστοι,

69 1666 224 1789 ἼᾙἼ
259 1694 672 1780 μαρνάμενοι
716 1692 1081 1790 περὶ-ἐξω·
1129 1698 1212 1759 σὺ
1261 1690 1321 1758 δ’
1368 1693 1442 1759 ἐν
1490 1694 1922 1783 στροφάλιγγι
1966 1698 2194 1777 κονίης
2265 1688 2491 1755 urst-XL

257 1810 443 1866 κεῖσο
489 1798 689 1884 μέγας
733 1803 1134 1884 μεγαλωστί,
1180 1798 1578 1883 λελασμένος
1623 1798 2067 1864 ἱπποσυνάων.

258 1905 445 1990 ἡμεῖς
493 1901 567 1969 δὲ
612 1909 877 1991 πρόπαν
920 1899 1096 1990 ἦμαρ
1144 1901 1548 1989 ἐμαρνάμεθ’
1569 1924 1584 1939 ·
1632 1902 1798 1969 οὐδέ
1834 1926 1906 1968 κε
1952 1904 2226 1988 πάμπαν

258 2011 655 2093 παυσάμεθα
699 2009 1061 2095 πτολέμου,
1107 2012 1170 2074 εἰ
1213 2011 1301 2095 μὴ
1351 2013 1520 2087 Ζεὺς
1565 2013 1834 2075 λαίλαπι
1877 2019 2146 2075 παῦσεν.

261 2116 466 2200 αὐτὰρ
516 2115 664 2180 έπεί
701 2114 763 2180 σ’
808 2114 915 2180 ἐπὶ
958 2124 1121 2198 νῆας
1167 2113 1509 2200 ἐνείκαμεν
1554 2115 1626 2180 έκ
1669 2113 2017 2200 πολέμοιο,

260 2221 590 2304 κάτθεμεν
634 2219 708 2285 ἐν
753 2219 1076 2305 λεχέεσσι,
1121 2221 1531 2305 καθήραντες
1575 2223 1740 2304 χρόα
1785 2222 1989 2286 καλὸν

181 2344 234 2385 46
260 2326 461 2391 ὕδατί
499 2348 567 2390 τε
613 2331 819 2421 λιαρῷ
866 2322 977 2389 καὶ
1021 2323 1351 2407 ἀλείφατι·
1396 2324 1609 2388 πολλὰ
1655 2321 1735 2388 δέ
1774 2321 1833 2388 σ’
1878 2323 2046 2408 ἀμφὶ
2102 2350 2343 2393 mmm

263 2432 517 2514 δάκρυα
560 2430 778 2514 θερμὰ
822 2427 977 2513 χέον
1023 2425 1285 2494 Δαναοὶ
1329 2431 1636 2513 κείραντό
1683 2450 1749 2493 τε
1794 2433 2036 2513 χαίτας.

261 2535 470 2620 μήτηρ
519 2532 578 2598 δ’
626 2532 692 2612 ἐξ
739 2531 896 2609 ἁλὸς
939 2528 1108 2618 ἦλθε
1157 2536 1283 2599 σὺν
1328 2531 1669 2618 ἀθανάτῃς
1714 2530 1978 2619 ἁλίῃσιν
2038 2536 2505 2657 aaa-ww»,

261 2640 566 2724 ἀγγελίης
610 2637 875 2704 ἀίουσα·
921 2640 1046 2723 βοὴ
1095 2633 1157 2703 δ’
1202 2637 1307 2704 ἐπὶ
1353 2641 1601 2704 πόντον
1648 2624 1884 2725 ὁρῶ-ρει

260 2749 578 2830 θεσπεσίη
594 2794 614 2828 ,
657 2743 788 2810 ὑπὸ
835 2741 910 2809 δὲ
954 2747 1195 2830 τρόμος
1240 2746 1475 2828 ἔλλαβε
1518 2744 1769 2821 πάντας
1805 2740 2121 2830 Ἀχαιούς.

185 2869 236 2910 ω
261 2855 377 2916 καί
413 2853 501 2917 νύ
542 2847 605 2916 κ’
650 2849 1033 2928 ἀναΐξαντες
1077 2852 1237 2934 ἔβαν
1282 2853 1508 2927 κοίλας
1554 2848 1659 2914 ἐπὶ
1703 2859 1897 2934 νῆας,

262 2958 322 3021 εἰ
364 2958 453 3041 μὴ
501 2955 669 3041 ἀνὴρ
714 2954 1029 3041 κατέρυκε
1072 2955 1318 3022 παλαιά
1366 2977 1434 3020 τε
1480 2955 1695 3020 πολλά
1739 2977 1809 3019 τε
1854 2956 2078 3039 εἰδώς,

263 3058 573 3146 Νέστωρ,
619 3055 700 3126 οὗ
746 3059 854 3125 καὶ
899 3062 1199 3145 πρόσθεν
1245 3060 1477 3146 ἀρίστη
1525 3062 1797 3143 φαίνετο
1843 3061 2084 3143 βουλή·

264 3166 298 3231 ὅ
345 3182 504 3250 σφιν
552 3162 935 3249 ἐυφρονέων
981 3162 1354 3248 ἀγορήσατο
1399 3161 1509 3229 καὶ
1554 3161 1918 3248 μετέειπεν·

265 3268 572 3355 εἴσχεσθ’,
611 3266 921 3352 Ἀργεῖοι·
969 3270 1058 3353 μὴ
1104 3270 1415 3353 φεύγετε,
1459 3276 1692 3352 κοῦροι
1728 3265 2023 3353 Ἀχαιῶν.

190 3394 238 3437 ⁶⁶
264 3377 471 3460 μήτηρ
519 3375 583 3455 ἐξ
631 3374 788 3452 ἁλὸς
831 3370 949 3458 ἦὸε
997 3377 1122 3439 σὺν
1170 3373 1507 3461 ἀθανάτῃς
1550 3372 1813 3460 ἁλίῃσιν

264 3484 545 3566 ἔρχεται,
591 3476 674 3546 οὗ
718 3483 955 3557 παιδὸς
998 3483 1359 3564 τεθνηότος
1402 3478 1771 3546 ἀντιόωσα.’

266 3586 351 3664 ὣς
395 3583 627 3671 ἔφαθ’,
673 3587 744 3652 οἱ
785 3583 846 3651 δ’
893 3589 1162 3672 ἔσχοντο
1208 3588 1428 3672 φόβου
1474 3586 1853 3670 μεγάθυμοι
1890 3581 2159 3672 Ἀχαιοί.
