2650 3909
1252 27 1381 140 ³⁷?

647 256 678 305 ρ
718 239 828 306 (17)
872 230 1149 298 ἐπάνοδος
1191 235 1516 306 Τηλεμάχου
1554 235 1633 298 εἰς
1663 233 1915 304 Ἰθάκην.
2203 233 2287 298 83

36 305 330 415 mamad-K
387 341 479 379 Ν
512 339 563 378 *-
602 343 684 381 nn

169 419 245 460 525
272 351 1029 497 προπροκυλινδόμενος·
1078 405 1339 476 στέψαι
1386 394 1447 462 δ’
1494 395 1805 481 Ὀδυσῆος
1850 396 2128 462 ἀκοῦσαι
2255 379 2557 478 W

273 502 512 587 ἀγχοῦ,
560 506 970 587 Θεσπρωτῶν
1014 501 1282 585 ἀνδρῶν
1329 501 1404 567 ἐν
1449 505 1634 568 πίονι
1680 503 1899 589 δήμῳ,

275 610 469 685 ζωοῦ·
515 607 727 695 πολλὰ
773 603 834 670 δ’
877 607 1023 689 ἄγει
1066 610 1368 691 κειμήλια
1416 606 1495 672 ὃν
1541 603 1616 671 δὲ
1662 608 1870 690 δόμον
1917 603 2054 670 δέ.“

363 715 479 778 τὸν
526 709 588 776 δ’
634 706 789 776 αὖτε
833 711 1178 796 προσέειπε
1224 716 1571 797 περίφρων
1616 714 2061 795 Πηνελόπεια·

366 820 628 903 »ἔρχεο,
673 818 872 900 δεῦρο
919 818 1272 900 κάλεσσον,
1319 816 1407 883 ἵν’
1454 817 1683 883 ἀντίον
1728 817 1926 894 αὐτὸς
1971 815 2222 903 ἐνίσπῃ.

171 944 251 984 530
277 916 460 992 οὗτοι
507 919 569 986 δ’
608 918 684 1004 ἠὲ
728 922 980 1006 θύρῃσι
1025 925 1395 1006 καθήμενοι
1443 920 1828 1009 ἑψιαάσθων
1990 930 2238 988 amon&
2270 952 2549 1055 mmm]

275 1024 317 1109 ἢ
364 1010 568 1091 αὐτοῦ
612 1026 775 1090 κατὰ
822 1024 1094 1110 δώματ’
1141 1027 1287 1092 ἐπεί
1326 1044 1515 1111 σφισι
1559 1030 1778 1111 θυμὸς
1819 1026 2109 1112 έύφρων.

278 1132 494 1196 αὐτῶν
540 1126 661 1214 μὲν
707 1132 833 1214 γὰρ
879 1129 1144 1215 κτήματ’
1190 1131 1483 1216 ἀκήρατα
1525 1131 1681 1198 κεῖτ’
1728 1131 1828 1198 ἐνὶ
1874 1139 2066 1221 οἰκω,

279 1248 455 1312 σῖτος
499 1232 610 1300 καὶ
656 1234 829 1319 μέθυ
875 1235 1030 1319 ἡδύ·
1078 1238 1156 1301 τὰ
1202 1236 1323 1323 μέν
1369 1235 1426 1302 τ’
1473 1241 1688 1321 οἰκῆες
1734 1240 2033 1322 ἔδουσιν,

278 1342 349 1407 οἰ
389 1337 449 1406 δ’
495 1341 588 1416 εἰς
630 1339 950 1425 ἡμετέρου
995 1345 1407 1433 πωλεύμενοι
1453 1345 1666 1426 ἤματα
1709 1343 1953 1425 πάντα,

173 1469 251 1510 535
277 1451 438 1531 βοῦς
484 1446 848 1531 ἱερεύοντες
891 1443 1001 1510 καὶ
1046 1448 1146 1522 ὄις
1186 1444 1298 1511 καὶ
1341 1451 1577 1524 πίονας
1620 1443 1838 1531 αἶγας,

279 1552 806 1629 εἰλαπινάζουσιν
851 1544 1127 1639 πίνουσί
1163 1573 1233 1615 τε
1279 1557 1530 1617 αἴθοπα
1575 1547 1793 1636 οἶνον,

279 1657 755 1742 μαψιδίως·τά
802 1651 876 1720 δὲ
921 1657 1133 1722 πολλὰ
1178 1657 1542 1746 κατάνεται.
1633 1657 1714 1722 οὐ
1758 1658 1884 1743 γὰρ
1931 1654 2029 1723 ἔπ’
2085 1658 2289 1765 ἀνήρ,
2404 1654 2427 1720 Ζ

280 1754 419 1840 οἷος
457 1746 808 1838 Ὀδυσσεὺς
887 1778 1074 1846 σκεν,
1121 1763 1303 1858 ἀρῂν
1337 1761 1463 1828 ἀπὸ
1510 1767 1698 1828 οἴκου
1744 1761 2005 1847 ἀμῦναι.
2101 1752 2316 1825 ΑμᾹΜ

279 1869 342 1932 εί
383 1865 444 1933 δ’
491 1865 799 1945 Ὀδυσεὺς
845 1871 1049 1933 ἔλθοι
1078 1866 1266 1934 καὶ“
1235 1865 1423 1934 ικοιτ’
1467 1867 1532 1946 ἐς
1576 1870 1856 1954 πατρίδα
1903 1881 2130 1952 γαιαν,

173 1996 252 2035 540
279 1969 440 2050 αἶψά
484 1996 556 2037 κε
603 1975 730 2038 σὺν
775 1966 827 2061 ᾧ
875 1971 1063 2038 παιδὶ
1108 1977 1257 2057 βίας
1301 1972 1676 2039 ἀποτίσεται
1722 1972 2050 2059 ἀνδρων.“

368 2087 456 2162 ὣς
491 2086 686 2170 φάτο,
730 2086 1103 2172 Τηλέμαχος
1140 2084 1214 2151 δὲ
1253 2085 1396 2171 μέγ’
1441 2090 1740 2173 ἔπταρεν,
1784 2087 1955 2174 ἀμφὶ
1993 2086 2067 2155 δὲ
2103 2091 2292 2175 δῶμα
2338 2076 2628 2201 ΜΛυΛῚιὸ

280 2190 684 2277 σμερδαλέον
728 2191 1073 2276 κονάβησε.
1164 2191 1440 2275 γέλασσε
1487 2189 1561 2257 δὲ
1606 2198 2059 2279 Πηνελόπεια,

279 2292 441 2375 αἶψα
486 2295 548 2361 δ’
596 2294 702 2381 ἄρ’
742 2298 1044 2380 Εὔμαιον
1091 2299 1246 2362 ἔπεα
1290 2301 1645 2382 πτερόεντα
1690 2301 2058 2384 προσηύδα·

369 2405 599 2488 ,,ἕρχεό
644 2427 790 2486 μοι,
833 2404 950 2467 τὸν
998 2401 1215 2480 ξεῖνον
1261 2401 1566 2468 ἐναντίον
1613 2397 1742 2467 ὧδε
1784 2404 2120 2470 κάλεσσον.

170 2529 251 2569 545
281 2508 402 2593 οὐχ
449 2509 648 2594 ὁράᾳς
696 2508 732 2572 ὅ
780 2532 893 2591 μοι
937 2509 1083 2584 υἱὸς
1129 2505 1445 2594 ἐπέπταρε
1490 2516 1693 2572 πᾶσιν
1739 2510 1990 2588 ἔπεσσις

278 2614 367 2679 τώ
415 2638 486 2678 κε
531 2612 642 2679 καὶ
688 2614 810 2679 οὐκ
855 2612 1088 2697 ἀτελὴς
1131 2614 1421 2691 θάνατος
1464 2623 1829 2699 μνηστῆρσι
1873 2613 2132 2698 γένοιτο

276 2724 416 2770 πᾶσι
453 2714 605 2787 μάλ’,
645 2715 780 2771 οὐδέ
815 2716 879 2780 κέ
915 2738 998 2780 τις
1033 2715 1293 2772 θάνατον
1332 2716 1429 2771 καὶ
1465 2724 1642 2787 κῆρας
1676 2716 1881 2784 ἀλύξει.

208 2833 211 2836 ’
276 2807 439 2873 ἄλλο
488 2805 568 2871 δέ
605 2830 708 2873 τοι
755 2808 953 2891 ἐρέω,
999 2812 1081 2873 σὺ
1132 2805 1190 2872 δ’
1238 2806 1340 2873 ἐνὶ
1387 2810 1582 2893 φρεσὶ
1627 2809 1865 2893 βάλλεο
1912 2817 2128 2895 σῇσιν·

279 2918 356 2976 αἴ
390 2909 450 2976 κ’
478 2911 696 2977 αὐτὸν
742 2913 935 2994 γνώω
982 2911 1302 2999 νημερτέα
1348 2910 1537 2978 πάντ’
1584 2912 1929 2996 ἐνέποντα,

167 3038 252 3078 550
280 3015 448 3082 ἕσσω
497 3040 612 3100 μιν
656 3016 934 3100 χλαῖνάν
980 3039 1048 3080 τε
1094 3017 1340 3101 χιτῶνά
1384 3040 1486 3101 τε,
1530 3019 1759 3101 εἵματα
1803 3019 2029 3084 καλά.“

367 3131 454 3208 ὣς
500 3131 695 3215 φάτο,
740 3133 824 3213 βῆ
874 3127 948 3194 δὲ
987 3134 1345 3215 συφορβός,
1392 3129 1530 3196 ἐπεὶ
1567 3134 1685 3198 τὸν
1721 3139 1944 3216 μῦθον
1981 3135 2289 3199 ἄκουσεν·

278 3234 485 3319 ἀγχοῦ
532 3234 591 3301 δ’
641 3236 983 3321 ἱστάμενος
1029 3238 1184 3300 ἔπεα
1229 3240 1583 3321 πτερόεντα
1628 3238 2002 3320 προσηύδα·

367 3340 582 3425 „gaave
626 3342 861 3427 πάτερ,
905 3340 1121 3406 καλέει
1167 3358 1240 3406 σε
1284 3346 1625 3425 περίφρων
1670 3347 2116 3427 Πηνελόπεια,

278 3450 488 3531 μήτηρ
544 3449 974 3533 Τηλεμάχοιο·
1021 3450 1423 3530 μεταλλῆσαί
1459 3450 1529 3512 τί
1568 3445 1602 3512 ἕ
1642 3450 1860 3532 θυμὸς

161 3573 247 3616 555
277 3549 445 3637 ἀμφὶ
491 3555 678 3617 πόσει
723 3551 1008 3636 κέλεται,
1053 3551 1162 3618 καὶ
1206 3554 1411 3637 κήδεά
1456 3573 1577 3639 περ
1623 3559 1977 3642 πεπαθυίῃ.

1793 3659 1864 3714 6*
