2650 3909
800 269 842 303 π
881 251 995 319 (16)
1031 250 1454 320 ἀναγνωρισμὸς
1484 248 1802 313 Ὀδυσσέως.
2231 251 2313 315 57

307 406 465 474 οὔτέ
503 432 567 473 τι
611 409 977 492 θαυμάζειν
1022 410 1382 494 περιώσιον
1427 407 1567 475 οὔτ’
1613 409 1977 494 ἀγάασθαι·

307 513 389 579 οὐ
437 509 559 596 μὲν
605 513 730 598 γάρ
775 536 877 578 τοι
924 510 1014 577 ἔτ’
1058 515 1257 590 ἄλλος
1299 514 1631 579 ἐλεύσεται
1671 514 1904 580 ἐνθάδ’
1946 510 2322 596 Ὀδυσσεύς,

197 646 279 686 20⁵
308 616 449 683 ἀλλ’
497 615 598 683 ὅδ’
646 617 771 701 ἐγὼ
818 619 1105 701 τοιόσδε,
1150 620 1391 683 παθὼν
1436 620 1626 702 κακά,
1670 621 1880 685 πολλὰ
1924 619 1985 685 δ’
2028 620 2324 704 ἀληθείς,

304 725 568 806 ἤλυθον
611 724 884 788 εἰκοστῶ
932 724 1066 787 ἔτει·
1107 723 1174 799 ἐς
1217 725 1500 805 πατρίδα
1590 735 1762 789 αἴαν.

307 852 511 912 αυταρ
558 850 661 893 τοι
705 829 856 894 τόδε
936 851 1101 913 ργον
1212 834 1498 913 θηναίης
1542 829 1870 913 ἀγελείης,

304 934 346 1017 ἥ
391 932 468 997 τέ
507 957 585 1017 με
630 944 815 999 τοῖον
862 935 1129 1017 ἔθηκεν,
1175 934 1352 1011 ὅπως
1388 932 1607 1000 ἐθέλει
1644 973 1711 981 -
1753 937 2029 1001 δύναται
2066 936 2190 1021 γάρ
2230 974 2324 1020 -,

307 1039 540 1103 ἄλλοτε
587 1035 708 1122 μὲν
754 1048 991 1126 πτωχῷ
1039 1038 1448 1124 ἐναλίγκιον,
1493 1042 1726 1106 ἄλλοτε
1775 1038 1835 1106 δ’
1881 1037 2037 1106 αὖτε

198 1169 280 1209 210
307 1142 502 1228 ἀνδρὶ
547 1142 678 1232 νέῳ
723 1142 832 1209 καὶ
878 1146 1045 1210 καλὰ
1089 1143 1239 1229 περὶ
1285 1148 1440 1230 χροῒ
1481 1143 1686 1229 εἵματ’
1732 1148 1967 1230 ἔχοντι.

307 1249 572 1332 ῥηίδιον
618 1244 692 1313 δὲ
736 1255 992 1332 θεοῖσι,
1036 1248 1139 1315 τοὶ
1187 1250 1477 1333 οὐρανὸν
1523 1251 1729 1335 εὐρὺν
1774 1254 2073 1335 ἔχουσιν,

306 1349 471 1437 ἠμὲν
516 1356 801 1437 κυδῆναι
843 1358 1099 1437 θνητὸν
1144 1357 1389 1438 βροτὸν
1434 1351 1554 1437 ἠδὲ
1597 1357 1951 1420 κακῶσαι.“

397 1458 485 1534 ὣς
529 1460 656 1542 ἄρα
701 1462 1015 1543 φωνήσας
1058 1456 1198 1523 κατ’
1240 1458 1344 1544 ἄρ’
1392 1457 1597 1543 ἕζετο,
1653 1459 2026 1546 Τηλέμαχος
2071 1457 2145 1526 δὲ

307 1561 711 1648 ἀμφιχυθεὶς
755 1560 977 1648 πατέρ’
1025 1563 1272 1629 ἐσθλὸν
1319 1564 1599 1647 ὀδύρετο
1647 1565 1900 1647 δάκρυα
1948 1569 2207 1650 λείβων.

199 1693 278 1733 215
305 1667 734 1754 ἀμφοτέροισι
781 1664 855 1732 δὲ
900 1680 1114 1734 τοῖσιν
1158 1665 1275 1753 ὑφ’
1320 1670 1545 1754 ἵμερος
1591 1664 1760 1751 ὦρτο
1807 1672 2020 1752 γόοιο·

305 1779 539 1839 κλαῖον
587 1770 660 1838 δὲ
706 1771 970 1856 λιγέως,
1017 1772 1422 1865 ἁδιρ-ώτερον
1466 1776 1508 1857 ἤ
1553 1769 1610 1837 τ’
1657 1776 2168 1857 οἰωνοί,ΜνΜ

22 1901 123 1951 ιε
144 1863 512 2012 υψοφῇναι
557 1879 598 1962 ἢ
645 1876 942 1961 αἰγυπιοὶ
987 1879 1453 1963 γαμψώνυχες,
1501 1871 1642 1943 οἷσί
1680 1901 1749 1943 τε
1795 1878 1991 1945 τέκνα

306 1967 581 2078 ἀγρόται
627 1983 952 2062 ἐξείλοντο
998 1984 1205 2069 πάρος
1248 1986 1531 2067 πετεηνὰ
1576 1983 1915 2067 γενέσθαι·
1944 1964 2274 2098 Μαι
2313 1983 2590 2067 W-

307 2090 396 2166 ὣς
440 2091 566 2170 ἄρα
611 2092 723 2155 τοί
760 2083 823 2171 γ’
870 2087 1160 2153 ἐλεεινὸν
1205 2086 1317 2152 ὑπ’
1363 2089 1610 2174 ὀφρύσι
1657 2090 1949 2174 δάκρυον
1994 2085 2198 2175 εἶβον.

202 2218 281 2258 220
307 2197 425 2259 καί
462 2194 547 2259 νύ
592 2192 651 2257 κ’
698 2192 1206 2276 ὀδυρομένοισιν
1254 2194 1373 2257 ἔδυ
1420 2194 1591 2276 φάος
1635 2194 1916 2278 ἠελίοιο,

310 2301 371 2363 εἰ
414 2300 502 2381 μὴ
560 2296 932 2381 Τηλέμαχος
976 2297 1442 2380 προσεφώνεεν
1489 2296 1570 2361 ὃν
1615 2296 1836 2382 πατέρ’
1883 2293 2070 2376 αἶψα·

400 2407 600 2487 »ποίῃ
646 2403 773 2490 γὰρ
816 2411 946 2466 νῦν
993 2402 1225 2482 δεῦρο,
1268 2400 1472 2482 πάτερ
1517 2405 1702 2485 φίλε,
1746 2407 1866 2484 νηί
1903 2419 1977 2467 σε
2023 2414 2259 2468 ναῦται

308 2489 564 2592 ἤγαγον
610 2509 705 2583 εἰς
741 2503 1042 2589 Ἰθάκην;
1087 2509 1261 2581 τίνες
1305 2507 1579 2588 ἔμμεναι
1626 2506 2053 2589 εὐχετόωντο;

311 2614 392 2681 οὐ
438 2608 561 2697 μὲν
605 2612 731 2706 γάρ
778 2616 850 2677 τί
889 2628 962 2676 σε
1007 2613 1204 2689 πεζὸν
1250 2610 1473 2694 ὀίομαι
1520 2607 1756 2675 ἐνθάδ’
1805 2609 2127 2677 ίκέσθαι.“

203 2741 283 2782 225
398 2722 514 2784 τὸν
560 2714 622 2783 δ’
666 2713 821 2782 αὖτε
866 2715 1212 2802 προσέειπε
1257 2717 1589 2792 πολύτλας
1634 2718 1776 2793 δῖος
1813 2713 2190 2795 Ὀδυσσεύς·

399 2822 545 2910 ,,τοὶ
590 2824 714 2909 γὰρ
763 2822 888 2907 ἐγώ
934 2846 1036 2888 τοι
1058 2872 1078 2907 ,
1122 2821 1387 2905 τέκνον,
1432 2819 1756 2905 ἀληθείην
1800 2821 2145 2900 καταλέξω.

312 2927 598 3014 Φαίηκές
642 2925 707 3012 μ’
753 2929 1005 3011 ἄγαγον
1050 2930 1510 3010 ναυσικλυτοί,
1555 2928 1626 2992 οἵ
1663 2950 1732 2990 τε
1777 2926 1888 2991 καὶ
1932 2929 2175 3006 ἄλλους

309 3035 711 3120 ἀνθρώπους
753 3030 1155 3117 πέμπουσιν,
1201 3032 1338 3108 ὅτίς
1382 3048 1587 3115 σφεας
1631 3033 2073 3115 εἰσαφίκηται·

309 3144 425 3206 καί
463 3136 528 3225 μ’
573 3135 833 3204 εὕδοντ’
875 3137 948 3201 ἐν
994 3136 1105 3220 νηὶ
1149 3143 1281 3222 θοῇ
1331 3135 1438 3202 ἐπὶ
1482 3139 1729 3202 πόντον
1775 3138 2044 3219 ἄγοντες

204 3268 285 3307 230
309 3245 641 3310 κάτθεσαν
687 3245 782 3319 εἰς
819 3237 1122 3326 Ἰθάκην,
1167 3244 1412 3328 ἔπορον
1461 3241 1540 3306 δέ
1581 3265 1693 3325 μοι
1739 3239 1950 3325 ἀγλαὰ
1997 3242 2209 3329 δῶρα,

307 3352 552 3434 χαλκόν
599 3372 669 3415 τε
715 3350 966 3434 χρυσόν
1013 3371 1080 3412 τε
1127 3348 1271 3423 ἅλις
1317 3346 1565 3430 ἐσθῆτά
1611 3343 1681 3411 θ’
1737 3347 2054 3431 ὑφαντήν.

308 3452 416 3519 καὶ
462 3454 541 3518 τὰ
587 3450 708 3537 μὲν
756 3451 829 3517 ἐν
875 3454 1148 3535 σπήεσσι
1195 3457 1379 3516 θεῶν
1427 3453 1634 3535 ἰότητι
1678 3449 1966 3516 κέονται·

309 3569 437 3624 νῦν
483 3552 568 3622 αὖ
616 3554 795 3642 δεῦρ’
845 3557 1081 3641 ἱκόμην
1126 3557 1725 3641 ὑποθημοσύνῃσιν
1762 3553 2078 3641 Ἀθήνης,
