2650 3909
357 241 440 304 36
923 259 954 293 ο
990 241 1101 309 (15)
1146 237 1470 309 Τηλεμάχου
1509 235 1800 301 ἐπάνοδος.

356 402 484 485 βάν
532 396 589 464 δ’
641 407 859 483 ἴμεναι
903 398 1199 485 προτέρω
1248 400 1360 464 διὰ
1406 401 1734 483 δώματος,
1780 390 1914 474 εἷος
1956 399 2178 464 ἵκοντο

255 530 331 568 110
368 503 771 590 Τηλέμαχον·
817 505 935 570 τὸν
981 500 1055 568 δὲ
1099 504 1397 590 προσέφη
1446 505 1692 582 ξανθὸς
1735 505 2103 580 Μενέλαος·

447 606 849 695 ,,Τηλέμαχ’,
893 611 1039 692 ἤτοι
1086 612 1350 692 νόστον,
1396 610 1571 686 ὅπως
1615 608 1812 694 φρεσὶ
1854 618 2005 694 σῇσι
2042 616 2373 694 μενοινᾷς,

340 716 449 805 ,ὥς
490 738 594 780 τοι
643 717 811 790 Ζεὺς
855 713 1209 795 τελέσειεν,
1254 713 1651 798 ἐρίγδουπος
1694 717 1886 789 πόσις
1909 711 2141 798 ε”Ηρης,·.

361 817 555 887 δώρων
592 815 670 884 δ’,
709 812 829 870 ὅσσ’
863 812 926 870 ἐν
964 811 1075 886 ἐμῷ
1114 816 1248 886 οἴκῳ
1285 814 1544 884 κειμήλια
1581 824 1789 882 κεῖται,

360 905 519 959 δώσω
559 903 588 959 ὃ
626 903 919 958 κάλλιστον
955 902 1053 956 καὶ
1089 900 1452 972 τιμηέστατόν
1491 900 1621 958 ἐστι.

257 1010 333 1050 115
361 993 518 1047 δώσω
555 1012 643 1046 τοι
680 998 930 1061 κρητῆρα
965 989 1326 1059 τετυγμένον·
1366 990 1636 1060 ἀργύρεος
1672 990 1735 1046 δὲ

365 1080 513 1135 ἔστιν
550 1079 725 1146 ἅπας,
762 1083 945 1150 χρυσῷ
983 1075 1039 1131 δ’
1074 1073 1168 1132 ἐπὶ
1204 1080 1392 1148 χείλεα
1428 1077 1795 1148 κεκράανται·

365 1165 527 1237 ἔργον
562 1164 621 1220 δ’
646 1164 1000 1234 “Ηφαίστοιο·
1038 1163 1214 1235 πόρεν
1251 1163 1316 1219 δέ
1355 1159 1383 1219 ἕ
1421 1167 1692 1235 Φαίδιμος
1727 1166 1897 1238 ἥρως,
2125 1204 2198 1227 ...-

362 1256 643 1309 Σιδονίων
681 1253 964 1326 βασιλεύς,
1004 1250 1102 1307 ὅθ’
1136 1247 1226 1315 ἑὸς
1263 1251 1435 1322 δόμος
1471 1253 1845 1334 ἀμφὲικάλυψε
1952 1226 2278 1315 [dul-hm}

365 1339 507 1396 κεῖσ’
539 1338 635 1412 ἐμὲ
673 1340 1048 1409 νοστήσαντα·
1086 1341 1205 1395 τεῒν
1243 1339 1300 1395 δ’
1336 1337 1514 1395 ἐθέλω
1550 1339 1673 1395 τόδ’
1707 1342 2003 1399 ὀπάσσαι.“

259 1464 337 1504 120
453 1441 541 1517 ὣς
584 1441 788 1505 εἰπὼν
832 1440 906 1505 ἐν
950 1438 1119 1525 χειρὶ
1162 1443 1340 1505 τίθει
1386 1439 1585 1516 δέπας
1631 1440 2128 1526 ἀμφικύπελλον

363 1547 540 1631 ἥρως
577 1544 932 1632 Ἀτρείδης·
979 1546 1014 1611 ὁ
1062 1542 1123 1610 δ’
1169 1547 1297 1631 ἄρα
1342 1555 1634 1631 κρητῆρα
1678 1551 1959 1631 φαεινὸν

363 1649 521 1735 θῆκ’
565 1651 770 1716 αὐτοῦ
814 1651 1227 1736 προπάροιθε
1273 1650 1499 1736 φέρων
1544 1654 1856 1737 κρατερὸς
1898 1651 2377 1738 Μεγαπένθης,

366 1756 710 1842 ἀργύρεον.
790 1752 1020 1838 Ἑλένη
1071 1750 1145 1818 δὲ
1191 1759 1548 1839 παρίστατο
1594 1756 2037 1842 καλλιπάρῃος

365 1858 615 1925 πέπλον
661 1855 877 1942 ἐ’χουσ’
925 1857 997 1923 ἐν
1042 1862 1291 1942 χερσίν,
1339 1861 1492 1934 ἔπος
1535 1856 1590 1924 τ’
1638 1857 1820 1944 ἔφατ’
1866 1864 1937 1925 ἔκ
1973 1857 2029 1926 τ’
2075 1863 2376 1946 ὀνόμαζε·

264 1988 339 2029 125
457 1965 721 2048 ,,δῶρόν
766 1986 869 2028 τοι
917 1961 1026 2027 καὶ
1073 1962 1232 2046 ἐγώ,
1278 1962 1514 2029 τέκνον
1559 1967 1743 2048 φίλε,
1786 1976 1982 2031 τοῦτο
2031 1969 2307 2052 δίδωμι,

367 2066 567 2153 μνῆμ’
611 2066 880 2151 Ἑλένης
922 2079 1195 2154 χειρῶν,
1239 2069 1659 2153 πολυηράτου
1708 2068 1773 2145 ές
1817 2072 2032 2155 γάμου
2079 2074 2292 2159 ὥρην,

369 2184 450 2259 σῇ
497 2173 715 2261 ἀλόχῳ
760 2159 1060 2257 φορέειν·
1107 2176 1294 2248 τείως
1341 2169 1415 2236 δὲ
1459 2177 1621 2259 φίλῃ
1666 2176 1842 2260 παρὰ
1888 2175 2085 2263 μητρὶ

367 2285 631 2345 κεῖσθαι
678 2276 778 2342 ένὶ
822 2278 1100 2366 μεγάρῳ.
1195 2280 1278 2342 σὺ
1325 2277 1406 2343 δέ
1448 2302 1560 2362 μοι
1605 2284 1855 2365 χαίρων
1900 2280 2167 2366 ἀφίκοιο

369 2381 557 2450 οἶκον
602 2384 988 2468 ἐυκτίμενον
1033 2382 1144 2449 καὶ
1190 2386 1316 2467 σὴν
1362 2383 1428 2461 ἐς
1471 2387 1757 2469 πατρίδα
1800 2388 2060 2469 γαῖαν.“

263 2521 340 2561 130
457 2499 546 2575 ὣς
589 2497 840 2565 εἰποῦὸ
889 2498 961 2564 ἐν
1006 2497 1174 2583 χειρὶ
1218 2502 1428 2581 τίθει,
1473 2499 1508 2564 ὁ
1558 2497 1631 2564 δὲ
1678 2499 1907 2577 δέξατο
1954 2504 2218 2586 χαίρων.

366 2602 477 2669 καὶ
522 2605 599 2667 τά
646 2601 768 2687 μὲν
813 2603 881 2679 ἐς
924 2607 1239 2695 πεῳινθα
1282 2607 1457 2667 τίθει
1503 2606 1976 2689 Πεισίστρατος
2019 2604 2388 2715 ἥρωςινίεὶε
2415 2652 2432 2675 χ

369 2707 750 2790 δεξάμενος,
795 2705 904 2771 καὶ
947 2707 1159 2770 πάντα
1207 2702 1293 2792 ἑῷ
1340 2706 1639 2789 θηήσατο
1685 2714 1913 2794 θυμῷ·

367 2815 523 2889 τοὺς
568 2809 629 2875 δ’
676 2806 795 2894 ἦγε
839 2813 1004 2896 πρὸς
1051 2811 1237 2893 δῶμα
1282 2810 1448 2894 κάρη
1496 2809 1741 2888 ξανθὸς
1784 2811 2145 2890 Μενέλαος.

371 2914 648 3000 ἑζέσθην
695 2914 755 2981 δ’
802 2912 905 3001 ἄρ’
952 2918 1171 2980 ἔπειτα
1215 2892 1740 3000 κατῗῖιῖἶῖμόῖἇς
1782 2941 1850 2983 τε
1896 2923 2191 3005 θρόνους
2234 2942 2323 2986 τε.

264 3044 341 3085 185
368 3020 640 3108 χέρνιβα
686 3018 747 3084 δ’
793 3020 1164 3106 ἀμφίπολος
1205 3024 1471 3110 προχόῳ
1518 3020 1782 3106 ἐπέχευε
1827 3022 2123 3108 φέρουσα

367 3133 534 3211 καλῇ
581 3130 884 3213 χρυσείῃ,
927 3123 1094 3210 ὑπὲρ
1140 3125 1492 3212 ἀργυρέοιο
1538 3127 1838 3213 λέβητος,

367 3235 721 3310 νίψασθαι·
769 3233 945 3316 παρὰ
993 3228 1067 3296 δὲ
1112 3230 1345 3316 ξεστὴν
1393 3231 1706 3298 ἐτάνυσσε
1751 3234 2088 3319 τράπεζαν.

265 3360 343 3399 1³8
371 3348 557 3401 σῖτον
603 3335 665 3401 δ’
707 3339 927 3421 αἰδοίη
971 3340 1167 3421 ταμίη
1214 3336 1547 3422 παρέθηκε
1591 3336 1915 3423 φέρουσα·

264 3465 342 3506 14⁰
366 3443 499 3526 πὰρ
547 3438 621 3506 δὲ
665 3444 1046 3527 Βοηθοίδης
1089 3444 1246 3528 κρέα
1293 3445 1513 3509 δαίετο
1559 3441 1669 3508 καὶ
1712 3441 1867 3527 νέμε
1913 3450 2170 3532 μοίρας·

373 3549 658 3631 οἰνοχόει
706 3545 767 3611 δ’
807 3549 953 3624 υἱὸς
996 3549 1352 3614 Μενελάου
1397 3549 1806 3631 κυδαλίμοιο.
