2650 3909
1021 27 1356 155 ,37

632 243 665 293 ρ
704 226 815 293 (17)
853 217 1133 286 ἐπάνοδος
1174 223 1499 295 Τηλεμάχου
1538 223 1617 288 εἰς
1646 221 1899 294 Ἰθάκην.
2190 224 2274 287 79

257 380 404 468 μήτ’
451 378 577 450 οὖν
623 381 844 475 μητέρ’
901 383 1066 468 ἐμὴν
1111 385 1262 464 ἅζευ
1308 388 1385 450 τό
1429 408 1503 468 γε
1550 385 1717 469 μήτέ
1756 384 1881 452 τιν’
1924 387 2128 451 ἄλλον

258 489 534 574 δμώων,
579 491 650 554 οἳ
690 490 852 554 κατὰ
898 487 1142 574 δώματ’
1188 486 1546 574 Ὀδυσσῆος
1589 494 1824 556 θείοιο.

257 589 403 659 ἀλλ’
451 594 532 660 οὔ
578 617 683 659 τοι
728 604 1031 659 τοιοῦτον
1078 591 1180 659 ἐνὶ
1226 597 1545 678 στήθεσσι
1590 599 1829 679 νόημα·

256 700 455 776 αὐτὸς
497 700 625 784 γὰρ
671 698 964 784 φαγέμεν
1009 703 1180 765 πολὺ
1228 701 1500 783 βούλεαι
1545 699 1587 782 ἢ
1636 701 1839 784 δόμεν
1882 701 2125 789 ἄλλῳὲί

149 824 230 864 405
346 807 464 869 τὸν
510 801 572 869 δ’
620 798 764 869 αὖτ’
811 802 1139 882 Ἀντίνοος
1182 803 1706 890 ἀπαμειβόμενος
1748 805 2119 890 προσέειπε·
2229 833 2234 837 ·

347 907 722 995 ,,Τηλέμαχ’
768 910 1106 994 ὑψαγόρη,
1152 908 1350 993 μένος
1397 912 1658 994 ἄσχετε,
1701 922 1898 976 ποῖον
1944 913 2166 988 ἔειπες.

254 1020 326 1078 εἴ
365 1015 435 1079 οί
474 1016 719 1103 τός-σον
763 1014 1002 1091 πάντες
1046 1013 1342 1098 ὀρέξειαν
1388 1025 1784 1101 μνηστῆρες,
1976 1030 2064 1075 ιω-
2097 1006 2318 1071 W‘J*
2344 1018 2410 1055 Μ
2445 970 2481 1053 9

255 1122 373 1184 καί
409 1116 524 1184 κέν
570 1143 686 1202 μιν
732 1130 905 1203 τρεῖς
949 1126 1158 1201 μῆνας
1202 1117 1590 1204 ἀπόπροθεν
1636 1116 1815 1197 οἶκος
1864 1120 2148 1202 ἐρύκοι.“

346 1223 435 1300 ὣς
479 1220 584 1308 ἄρ’
630 1225 790 1308 ἔφη,
833 1220 943 1287 καὶ
989 1229 1255 1309 θρῆνυν
1302 1222 1471 1299 ἑλὼν
1514 1223 2170 1311 ὑπέφηνε“τραπέζης

148 1350 232 1389 410
258 1332 598 1412 κείμενον,
644 1321 697 1414 ᾧ
747 1324 811 1413 ῥ’
852 1329 1080 1413 ἔπεχεν
1126 1331 1447 1414 λιπαροὺς
1490 1330 1698 1406 πόδας
1743 1331 2193 1409 εἰλαπινάζων.

256 1435 328 1498 οἱ
367 1431 429 1498 δ’
473 1434 661 1499 ἄλλοι
706 1432 946 1509 πάντες
991 1434 1303 1516 δίδοσαν,
1349 1439 1608 1518 πλῆσαν
1655 1433 1713 1498 δ’
1761 1436 1888 1518 ἄρα
1930 1439 2149 1520 πήρην

256 1541 444 1603 σίτου
490 1536 600 1603 καὶ
645 1548 904 1623 κρειῶν.
994 1536 1156 1623 τάχα
1202 1538 1285 1621 δὴ
1331 1536 1442 1603 καὶ
1493 1541 1761 1623 ἔμελλεν
1800 1536 2151 1618 Ὀδυσσεὺς

256 1637 441 1720 αὖτις
486 1641 585 1708 ἐπ’
633 1644 838 1709 οὐδὸν
886 1643 1008 1707 ἰὼν
1053 1645 1324 1735 προρικὸς
1368 1644 1728 1726 γεύσεσθαι
1766 1640 2071 1729 Ἀχαιῶν·
2171 1624 2298 1754 ἐν·

257 1758 374 1833 στῆ
422 1745 497 1813 δὲ
541 1746 694 1833 παρ’
743 1745 1116 1832 Ἀντίνοον,
1159 1751 1278 1813 καί
1314 1772 1433 1833 μιν
1475 1751 1641 1833 πρὸς
1685 1756 1908 1833 μῦθον
1953 1753 2151 1816 ἔειπε·

145 1874 228 1915 415
348 1856 532 1938 ,,δός,
576 1857 793 1939 φίλος·
841 1853 923 1919 οὐ
969 1851 1090 1937 μέν
1136 1878 1249 1937 μοι
1297 1851 1547 1931 δοκέεις
1583 1855 1620 1919 ὁ
1655 1855 1958 1933 κάκιστος
1994 1853 2272 1942 Ἀχαιῶν

255 1963 558 2045 ἔμμεναι,
604 1953 749 2024 ἀλλ’
793 1961 1099 2043 ὤριστος,
1145 1957 1285 2023 ἐπεὶ
1329 1962 1597 2043 βασιλῆι
1643 1962 1872 2038 ἔοικας.

253 2066 342 2130 τώ
390 2081 463 2129 σε
507 2065 632 2150 χρὴ
680 2065 954 2148 δόμεναι
998 2061 1108 2129 καὶ
1155 2066 1359 2130 λώιον
1404 2063 1487 2148 ἠέ
1525 2085 1647 2150 περ
1693 2068 1883 2131 ἄλλοι

255 2174 467 2235 σίτου·
516 2168 644 2253 ἐγὼ
692 2168 773 2233 δέ
811 2167 891 2234 κέ
933 2185 1005 2233 σε
1051 2172 1246 2233 κλείω
1290 2165 1431 2233 κατ’
1482 2168 1799 2251 ἀπείρονα
1843 2147 2364 2254 ratam-damas

252 2268 389 2340 καΐ
406 2277 532 2360 γὰρ
578 2273 707 2364 ἐγώ
752 2295 911 2339 ποτε
958 2250 1153 2339 οἶκόν
1192 2272 1266 2337 ἐν
1312 2272 1769 2358 ἀνθρώποισιν
1815 2277 2039 2342 ἔναιον
2059 2248 2428 2301 ‘'hffm

143 2399 226 2440 420
255 2383 481 2464 ὄλβιος
527 2378 808 2465 ἀφνειὸν
852 2377 965 2443 καὶ
1009 2378 1290 2444 πολλάκι
1337 2379 1581 2442 δόσκον
1625 2377 1830 2464 ἀλήτῃ
2155 2453 2180 2469 ⁸

252 2488 444 2575 τοίῳ,
491 2486 718 2562 ὁποῖος
764 2486 862 2585 ξιξ-οι
905 2481 1017 2548 καὶ
1063 2483 1215 2548 ὅτευ
1259 2481 1657 2567 κεχρημένος
1702 2485 1915 2549 ἔλθοι·
1943 2464 2012 2553 ιον
2049 2471 2293 2568 Μαῖα
2346 2451 2428 2521 ι’·-

252 2585 423 2674 ἦσαν
471 2586 545 2654 δὲ
591 2592 802 2674 δμῶες
845 2588 1019 2674 μάλα
1065 2592 1291 2673 μυρίοι
1338 2587 1505 2653 ἄλλά
1548 2610 1618 2653 τε
1662 2590 1874 2653 πολλὰ

254 2686 431 2777 οἷσίν
474 2693 533 2760 τ’
576 2691 652 2760 εὗ
701 2697 940 2779 ζῴουσι
983 2691 1095 2759 καὶ
1139 2690 1404 2779 ἀφνειοὶ
1448 2691 1810 2759 καλέονται.
2321 2742 2336 2755 .

253 2800 422 2865 ἀλλά
469 2804 639 2877 Ζεὺς
684 2799 967 2889 ἀλάπαξε
1017 2802 1329 2885 Κρονίων
1368 2836 1435 2845 -
1473 2801 1675 2882 ἤθελε
1721 2799 1846 2885 γάρ
1892 2822 2023 2866 που
2061 2798 2466 2885 -,ὼ-4ν““ῑ

141 2925 224 2966 42⁵
254 2905 327 2981 ὅς
373 2903 441 2989 μ’
485 2907 618 2989 ἅμα
665 2910 1008 2990 ληιστῆρσι
1052 2904 1655 2988 πολυπλάγκτοισιν
1702 2903 1943 2989 ἀνῆκεν

258 3015 597 3093 Αἴγυπτον
645 3007 706 3075 δ’
751 3008 952 3094 ἰέναι,
999 3011 1273 3095 δολιχὴν
1321 3010 1516 3093 ὁδόν,
1562 3008 1724 3103 ὄφρ’,
1757 3009 2144 3094 ἀπολοίμην.

253 3125 457 3200 στῆσα
503 3110 564 3180 δ’
614 3116 687 3182 ἐν
734 3118 1049 3203 Αἰγύπτῳ
1093 3123 1364 3201 ποταμῷ
1410 3112 1565 3191 νέας
1608 3113 2052 3199 ἀμφιελίσσας.

228 3219 396 3295 ,ἔνθ’
442 3223 588 3305 ῆτοι
635 3218 757 3307 μὲν
803 3221 930 3306 ἐγὼ
977 3223 1263 3303 κελόμην
1309 3218 1576 3305 ἐρίηρας
1622 3216 1919 3303 ἑταίρους

253 3326 459 3393 αὐτοῦ
504 3327 637 3420 πὰρ
682 3331 914 3412 νήεσσι
959 3323 1184 3410 μένειν
1226 3321 1337 3389 καὶ
1382 3333 1544 3407 νῆας
1588 3326 1901 3409 ἔρυσθαι,

139 3453 224 3494 430
255 3432 540 3517 ὀπτῆρας
586 3430 661 3498 δὲ
706 3433 867 3499 κατὰ
914 3431 1186 3508 σκοπιὰς
1226 3432 1494 3516 ὤτρυνα
1537 3428 1834 3495 νέεσθαι·

251 3537 325 3601 οἰ
364 3535 424 3601 δ’
467 3537 658 3622 ὕβρει
705 3537 1028 3622 εἴξαντες,
1074 3536 1497 3620 ἐπισπόμενοι
1543 3533 1730 3619 μένει·
1770 3544 1950 3623 σφῷ,
