2650 3909
876 237 906 271 ο
945 220 1056 287 (15)
1101 216 1426 287 Τηλεμάχου
1465 214 1754 281 ἐπάνοδος.
2232 220 2315 282 37

230 450 233 455 ⁴
307 378 377 442 οι““
419 371 480 441 δ’
524 372 625 441 ἐπ’
670 375 925 442 ὀνείαθ’
971 374 1196 461 ἑτοῖμα
1241 383 1638 462 προκείμενα
1683 390 1903 465 χεῖρας
1949 385 2193 446 ἴαλλον.

306 483 511 568 αὐτὰρ
560 480 699 546 ἐπεὶ
743 485 975 558 πόσιος
1017 481 1128 547 καὶ
1174 482 1450 566 ἐδητύος
1495 482 1560 561 ἐξ
1608 486 1763 570 ἔρον
1808 484 1989 568 ἕντο,

307 588 390 670 δὴ
438 590 582 653 τότε
639 586 1014 671 Τηλέμαχος
1057 585 1168 652 καὶ
1213 586 1553 673 Νέστορος
1599 587 1842 671 ἀγλαὸς
1884 591 2029 666 υίὸς

198 716 277 757 145
305 693 545 768 ἵππους
587 715 656 756 τε
706 687 1040 774 ζεύγνυντ’
1087 691 1212 757 ἀνά
1256 690 1326 757 θ’
1375 694 1630 779 ἅρματα
1673 691 1913 759 ποικίλ’
1962 695 2262 777 ἔβαινον,

306 796 377 862 ἐκ
423 794 484 861 δ’
530 800 774 862 ἔλασαν
819 799 1191 883 προθύροιο
1237 797 1348 863 καὶ
1394 800 1718 881 αἰθούσης
1764 798 2140 884 ἐριδούπου.

303 905 458 978 τοὺς
503 898 577 966 δὲ
622 899 760 986 μετ’
810 899 1143 989 Ἀτρείδης
1188 906 1318 968 ἔκιε
1367 904 1611 982 ξανθὸς
1653 904 2032 988 Μενέλαος,

306 1002 494 1072 οἶνον
541 1010 709 1093 ἔχων
757 1007 830 1073 ἐν
878 1007 1048 1093 χειρὶ
1093 1010 1462 1093 μελίφρονα
1509 1009 1912 1096 δεξιτερῆφι,

302 1110 559 1201 χρυσέῳ
606 1112 679 1178 ἐν
728 1111 950 1197 δέπαϊ,
996 1115 1172 1200 ὄφρα
1218 1118 1523 1193 λείψαντε
1568 1119 1842 1200 κιοίτην.
2491 1182 2504 1193 ,

196 1242 276 1282 150
304 1226 422 1301 στῆ
471 1217 531 1282 δ’
576 1219 796 1283 ἵππων
840 1219 1277 1305 προπάροιθε,
1323 1221 1791 1310 δεδισκόμενος
1836 1217 1909 1285 δὲ
1944 1201 2584 1336 προσηύδωμηΥἻ

391 1328 770 1409 ,,χαίρετον,
815 1319 868 1388 ὦ
913 1325 1167 1410 κούρω,
1211 1323 1323 1390 καὶ
1367 1323 1662 1412 Νέστορι
1705 1324 1970 1409 ποιμένι
2016 1330 2193 1390 λαῶν

301 1430 537 1493 εἰπεῖν·
584 1424 625 1513 ἦ
673 1429 799 1514 γὰρ
847 1431 1068 1512 ἔμοιγε
1113 1431 1324 1529 aton-:Q
1373 1430 1461 1506 ὣς
1478 1428 1699 1557 ὶξζπιος
1741 1425 1893 1513 ἦεν,

302 1525 437 1609 εἷος
482 1531 583 1598 ἐνὶ
638 1537 838 1620 Τροίῃ
884 1502 1516 1618 πολεμίζομενῶύῖἒς
1547 1535 1879 1620 Αχαιῶν.“

389 1642 507 1705 τὸν
555 1632 617 1703 δ’
659 1634 744 1704 αὖ
801 1639 1174 1724 Τηλέμαχος
1216 1637 1630 1723 πεπνυμένος
1675 1639 1903 1705 ἀντίον
1948 1641 2146 1723 ηὔδα·

196 1767 275 1808 155
395 1742 548 1828 ,,καὶ
592 1748 745 1829 λίην
788 1749 985 1834 κείνω
1031 1769 1140 1829 γε,
1185 1744 1580 1832 Διοτρεφές,
1628 1746 1717 1822 ὡς
1760 1744 2130 1831 ἀγορεύεις,

302 1850 516 1914 πάντα
560 1847 704 1915 τάδ’
747 1838 1066 1926 ἐλθόντες
1100 1849 1562 1935 καταλέξομεν·
1609 1852 1681 1915 αἲ
1723 1851 1848 1937 γὰρ
1897 1850 2065 1934 ἐγὼν
2116 1851 2203 1927 ὣς

302 1957 626 2038 νοστήσας
661 1952 932 2039 Ἰθάκην
980 1954 1086 2038 δέ,
1129 1957 1333 2042 κιχὼν
1376 1952 1632 2039 Ὀδυσῆ’
1680 1953 1780 2020 ἐνὶ
1827 1962 2016 2044 οἴκῳ,

300 2043 676 2153 εἴποιμ’[ὡς
718 2061 896 2147 παρὰ
941 2071 1081 2125 σεῖο
1125 2062 1345 2146 τυχὼν
1388 2064 1738 2145 φιλότητος
1782 2060 2034 2144 ἁπάσης

304 2168 608 2251 ἔρχομαι,
652 2165 858 2249 αὐτὰρ
905 2167 1043 2249 ἄγω
1089 2170 1393 2249 κειμήλια
1436 2167 1647 2231 πολλὰ
1692 2165 1803 2231 καὶ
1849 2166 2119 2231 ἑσθλά.“

195 2294 275 2333 160
391 2269 480 2347 ὣς
523 2271 651 2355 ἄρα
697 2271 767 2336 οἰ
808 2272 1059 2335 εἰπόντι
1107 2269 1420 2335 ἐπέπτατο
1469 2268 1681 2347 δεξιὸς
1726 2272 1942 2355 ὄρνις,

303 2377 518 2451 αἰετὸς
561 2373 775 2462 ἀργὴν
820 2384 990 2460 χῆνα
1035 2374 1261 2461 φέρων
1308 2376 1620 2458 ὀνύχεσσι
1663 2374 2000 2457 πέλωρον,
2349 2442 2368 2466 ⁸

58 2470 242 2611 Ὶωιδ
302 2481 551 2564 ’ἥμερον
598 2479 663 2559 ἐξ
711 2480 939 2577 αρλῆς·
987 2481 1057 2545 οἰ
1099 2477 1157 2544 δ’
1207 2481 1495 2573 ἰύζρντες
1540 2479 1774 2545 ἕποντο
2062 2464 2482 2584 &kraha-„5

304 2583 533 2672 ἀνέρες
576 2583 696 2669 ἠδὲ
741 2597 1074 2670 γυναῖκες·
1123 2585 1158 2651 ὁ
1208 2583 1287 2650 δέ
1329 2602 1559 2670 σφισιν
1606 2584 1892 2668 ἐγγύθεν
1939 2582 2158 2649 ἐλθὼν

306 2691 517 2769 δεξιὸς
560 2690 700 2775 ἤιξε
746 2687 989 2779 πρόσθ’
1033 2692 1270 2756 ἵππων.
1363 2692 1434 2755 οἰ
1475 2687 1549 2755 δὲ
1597 2692 1850 2767 ἰδόντες

197 2819 275 2860 165
303 2799 643 2881 γήθησαν,
686 2796 797 2863 καὶ
841 2806 1043 2863 πᾶσιν
1091 2795 1191 2862 ἑνὶ
1236 2794 1434 2883 φρεσὶ
1477 2798 1696 2880 θυμὸς
1742 2796 1963 2879 ἰάνθη.

303 2913 474 2966 τοῖσι
522 2898 597 2966 δὲ
641 2904 1053 2987 Νεστορίδης
1107 2907 1572 2987 Πεισίστρατος
1615 2904 1850 2987 ἤρχετο
1896 2903 2160 2984 μύθων·

395 3007 678 3093 ,,φράζεο
727 3008 843 3089 δή,
885 3005 1190 3072 Μενέλαε
1238 3005 1635 3093 Διοτρεφές,
1681 3008 1921 3089 ὄρχαμε
1969 3011 2180 3089 λαῶν,

304 3112 344 3194 ἢ
389 3123 557 3178 νῶιν
601 3108 742 3178 τόδ’
787 3114 989 3196 ἔφηνε
1035 3113 1195 3187 θεὸς
1238 3109 1428 3197 τέρας
1471 3106 1548 3194 ἦε
1596 3108 1701 3175 σοὶ
1748 3109 1987 3195 αὐτῷ.“

393 3217 482 3294 ὣς
526 3218 729 3302 φάτο,
775 3216 1128 3302 μερμήριξε
1178 3214 1237 3280 δ’
1287 3214 1662 3301 Ἀρηίφιλος
1705 3211 2081 3299 Μενέλαος,

197 3346 275 3385 170
304 3322 528 3400 ὅππως
573 3325 645 3390 oc
683 3324 845 3388 κατὰ
891 3333 1132 3408 μοῖραν
1177 3322 1608 3407 ὑποκρίναιτο
1653 3322 1913 3402 νοήσας.

302 3429 421 3492 τὸν
468 3425 530 3491 δ’
574 3426 803 3513 Ἑλένη
849 3430 1260 3504 τανύπεπλος
1301 3425 1745 3510 ὑποφθαμένη
1791 3426 1959 3510 φάτο
2006 3432 2255 3509 μῦθον·

397 3531 639 3616 ,,κλῦτέ
680 3553 834 3617 μευ·
892 3535 1098 3618 αὐτὰρ
1146 3534 1273 3617 ἐγὼ
1321 3533 1798 3616 μαντεύσομαι,
1844 3532 1932 3608 ὡς
1978 3529 2078 3596 ἐνὶ
2122 3538 2318 3617 θυμῷ
