2650 3909
376 248 460 312 76
749 267 780 313 ρ
816 248 930 315 (17)
968 240 1246 308 ἐπάνοδος
1287 242 1612 314 Τηλεμάχου
1653 242 1731 307 εἰς
1763 240 2011 313 Ἰθάκην.

124 403 307 488 {KQ-r
372 408 414 491 ἢ
462 408 545 490 δὴ
590 404 700 471 καὶ
744 409 945 490 ταχὺς
990 403 1134 494 Q
1179 403 1368 471 θέειν
1414 403 1522 469 ἐπὶ
1566 407 1733 470 εἴδει·
1774 407 1972 493 τῷδε,

372 507 414 595 ἦ
463 511 675 588 αὕτως
719 503 858 576 οἶοί
895 533 964 574 τε
1009 514 1357 595 τραπεζῆες
1399 512 1594 587 κύνες
1639 509 1906 595 ἀνδρῶν

266 642 346 682 810
375 614 622 700 γίνοντ’
642 636 658 650 ·
705 614 979 698 ἀγλαΐης
1024 611 1084 679 δ’
1131 614 1354 681 ἕνεκεν
1397 614 1753 699 κομέουσιν
1796 615 2129 692 ἄνακτες.“

460 723 579 787 τὸν
627 719 689 786 δ’
735 720 1259 805 ἀπαμειβόμενος
1301 717 1670 804 προσέφης,
1715 721 1967 804 Εὔμαιε
2013 723 2298 802 συβῶτα·

463 823 616 910 „acal
662 828 812 909 λίην
857 823 1104 909 ἀνδρός
1148 847 1222 908 γε
1267 825 1446 889 κύων
1492 823 1605 888 ὅδε
1652 829 1803 908 τῆλε
1848 828 2194 901 θανόντος.

373 932 436 995 εί
475 926 723 996 τοιόσδ’
768 936 867 1012 εἴη
913 925 1082 1012 ἠμὲν
1128 927 1331 1012 δέμας
1375 925 1494 1012 ἠδὲ
1539 927 1649 994 καὶ
1695 932 1885 1014 ἔργα,
2205 989 2236 1000 ,ς

374 1027 520 1100 οἷόν
565 1057 681 1118 μιν
736 1037 980 1118 Τροίην
1027 1030 1103 1098 δὲ
1146 1035 1315 1099 κιὼν
1360 1031 1738 1118 κατέλειπεν
1779 1032 2160 1118 Ὀδυσσεύς,

267 1167 346 1208 315
373 1134 537 1217 αἶψά
580 1161 651 1203 κε
697 1142 987 1223 θηήσαιο
1037 1140 1203 1203 ἰδὼν
1247 1147 1573 1224 ταχυτῆτα
1618 1138 1729 1205 καὶ
1774 1139 1999 1223 ἀλκήν.

374 1244 456 1310 οὐ
501 1240 623 1328 μὲν
668 1244 794 1330 γάρ
838 1268 902 1309 τι
947 1245 1237 1329 φύγεσκε
1283 1246 1560 1328 βαθείης
1604 1244 1919 1329 βένθεσιν
1964 1245 2127 1329 ὕλης

15 1349 156 1418 ωνὶδ
180 1317 751 1443 »dm-Aevffioaaov,
797 1349 936 1415 ὅττι
984 1351 1221 1415 δίοιτο·
1268 1348 1381 1416 καὶ
1428 1356 1636 1434 ἴχνεσι
1681 1351 1808 1436 γὰρ
1854 1347 2149 1436 περιῄδη.
2160 1343 2462 1440 Μ

372 1463 502 1520 νῦν
548 1451 609 1519 δ’
653 1457 864 1540 ἔχεται
908 1458 1249 1539 κακότητι,
1294 1454 1458 1532 ἄναξ
1507 1455 1587 1520 δέ
1627 1456 1697 1521 οἰ
1737 1458 1978 1521 άλλοθι
2022 1457 2267 1541 πάτρης

377 1561 611 1644 ὤλετο,
654 1562 773 1626 τὸν
820 1557 894 1625 δὲ
939 1572 1249 1644 γυναῖκες
1294 1559 1567 1648 ἀκηδέες
1613 1561 1694 1626 οὐ
1739 1560 2072 1644 κομέουσι.

269 1695 349 1733 820
376 1667 587 1749 δμῶες
631 1663 692 1730 δ’
704 1713 724 1747 ,
769 1660 903 1730 εὖτ’
947 1664 1032 1730 ἂν
1077 1662 1299 1748 μηκέτ’
1343 1662 1812 1749 ἐπικρατέωσιν
1857 1666 2159 1748 ἄνακτες,

377 1767 585 1835 οὐκέτ’
632 1767 829 1834 ἔπειτ’
874 1768 1226 1835 ἐθέλουσιν
1273 1767 1579 1851 ἐναίσιμα
1626 1768 2039 1853 ἐργάζεσθαι·

375 1875 578 1957 ἥμισυ
623 1875 749 1959 γάρ
795 1872 851 1938 τ’
894 1872 1126 1958 ἀρετῆς
1172 1871 1570 1937 ἀποαίνυται
1616 1873 1909 1957 εὐρύοπα
1958 1877 2125 1952 Ζεὺς

377 1975 640 2063 ἀνέρος,
684 1973 818 2043 εὖτ’
863 1979 948 2042 ἄν
992 2002 1108 2061 μιν
1153 1978 1315 2042 κατὰ
1362 1977 1636 2043 δούλιον
1680 1973 1855 2062 ἦμαρ
1904 1977 2191 2064 ἕλῃσιν.“
2247 1978 2254 1985 ’

467 2083 555 2160 ὣς
599 2084 803 2175 εἰπὼν
850 2084 1118 2166 εἰσῆλθε
1166 2085 1413 2168 δόμους
1457 2083 1987 2170 εὐναιετάοντας,

272 2216 351 2257 325
377 2193 462 2273 βῆ
510 2186 570 2253 δ’
618 2191 773 2265 mg
817 2189 1131 2274 μεγάροιο
1179 2190 1340 2273 μετὰ
1385 2198 1760 2274 μνηστῆρας
1803 2188 2110 2272 ἀγαυούς.

361 2293 609 2380 ’Ἁργον
655 2291 716 2359 δ’
762 2290 848 2359 αὗ
892 2295 1056 2360 κατὰ
1101 2292 1279 2380 μοῖρ’
1322 2297 1559 2378 ἔλαβεν
1604 2294 1886 2378 μέλανος
1928 2296 2251 2362 θανάτοιο

379 2399 587 2467 αὐτίκ’
641 2398 847 2467 ἰδόντ’
892 2396 1177 2484 Ὀδυσῆα
1224 2400 1533 2489 ἐεικοστῷ
1582 2401 1880 2490 ἐνιαυτῷ.

466 2510 583 2573 τὸν
630 2504 705 2571 δὲ
747 2509 918 2571 πολὺ
964 2517 1219 2591 πρῶτος
1267 2507 1367 2570 ἴδε
1423 2505 1796 2592 Τηλέμαχος
1838 2509 2146 2591 θεοειδὴς

379 2611 738 2697 ἐρχόμενον
782 2612 944 2675 κατὰ
992 2612 1178 2693 δῶμα
1224 2613 1562 2694 συβώτην,
1608 2607 1746 2675 ὦκα
1791 2608 1855 2675 δ’
1898 2614 2116 2676 ἔπειτα

274 2744 354 2783 330
378 2714 561 2782 νεῢσ’
604 2713 709 2780 ἐπὶ
755 2707 828 2778 οἷ
865 2710 1160 2790 καλέσας.
1253 2714 1289 2779 ὁ
1337 2710 1413 2778 δὲ
1455 2717 1795 2798 παπτήνας
1839 2713 1942 2779 ἕλε
1990 2717 2234 2799 δίφρον

378 2823 714 2904 κείμενον,
760 2819 928 2884 ἔνθά
972 2840 1040 2883 τε
1088 2820 1356 2903 δαιτρὸς
1403 2818 1693 2902 ἐφίζεσκε
1740 2818 1898 2905 κρέα
1943 2821 2154 2886 πολλὰ

383 2928 731 3008 δαιόμενος
776 2931 1142 3009 μνηστῆρσι
1188 2925 1400 3007 δόμον
1444 2923 1609 2989 κάτα
1654 2925 2135 3010 δαινυμένοισι·

379 3034 498 3098 τὸν
541 3031 862 3114 κατέθηκε
908 3027 1135 3114 φέρων
1181 3031 1347 3115 πρὸς
1401 3031 1806 3116 Τηλεμάχοιο
1851 3032 2171 3116 τράπεζαν

381 3138 642 3222 ἀντίον,
698 3140 866 3202 ἔνθα
915 3133 977 3200 δ’
1020 3132 1125 3220 ἄρ’
1170 3136 1366 3211 αὐτὸς
1411 3134 1684 3220 ἐφέζετο.
1774 3147 1864 3225 τῷ
1912 3135 1974 3202 δ’
2017 3139 2145 3222 ἄρα
2189 3138 2392 3223 κῆρυξ

275 3266 354 3306 335
381 3255 623 3328 μοῖραν
668 3241 839 3308 ἑλὼν
884 3241 1092 3307 ἐτίθει
1137 3240 1381 3307 κανέου
1427 3240 1486 3306 τ’
1530 3241 1604 3308 ἐκ
1649 3254 1832 3307 σῖτον
1877 3241 2117 3326 ἀείρας.

469 3348 829 3435 ἀγχίμολον
876 3344 951 3413 δὲ
996 3344 1133 3430 μετ’
1179 3347 1386 3413 αὐτὸν
1432 3345 1701 3412 ἐδύσετο
1744 3344 1988 3429 δώματ’
2023 3343 2396 3432 Ὀδυσσεύς,

379 3462 613 3541 πτωχῷ
662 3453 991 3543 λευγαλέῳ
1040 3452 1410 3535 ἐναλίγκιος
1453 3448 1573 3535 ἠδὲ
1617 3451 1912 3536 γέροντι,

383 3561 853 3643 σκηπτόμενος·
900 3559 978 3623 τὰ
1026 3554 1100 3622 δὲ
1149 3558 1360 3641 λυγρὰ
1404 3554 1555 3642 περὶ
1601 3558 1754 3642 χροῒ
1796 3560 2025 3642 εἵματα
2070 3558 2236 3625 ἕστο.
