2650 3909
331 255 420 320 54
842 276 885 310 π
924 262 1032 327 (16)
1070 257 1490 327 ἀναγνωρισμὸς
1523 255 1839 319 Ὀδυσσέως.

226 439 304 477 110
330 414 441 481 καὶ
488 412 676 483 οἶνον
723 419 1292 508 διαφυσσόμενον,
1338 417 1448 483 καὶ
1496 430 1680 485 σῖτον
1727 420 1999 496 ἔδοντας
2071 404 2368 498 ινιᾶῌ

330 522 471 605 μὰψ
518 523 762 606 αὔτως,
807 522 1186 608 ἀτέλεστον,
1234 523 1583 613 ἀνηνύστῳ
1630 521 1737 588 ἐπὶ
1782 524 2017 610 ἔργῳ.“

419 630 538 693 τὸν
584 625 645 693 δ’
692 623 778 692 αὖ
833 627 1208 714 Τηλέμαχος
1251 628 1670 713 πεπνυμένος
1714 627 1945 693 ἀντίον
1989 629 2188 712 ηὔδα·

420 731 565 817 ,,τοὶ
610 735 735 819 γὰρ
784 733 911 817 ἐγώ
958 757 1092 818 τοι,
1138 733 1342 818 ξεῖνε,
1386 731 1536 816 μάλ’
1584 731 1907 819 ἀτρεκέως
1949 732 2311 819 ἀγορεύσω.

333 836 491 904 οὔτέ
530 841 599 903 τί
638 862 751 921 μοι
794 847 921 913 πᾶς
968 839 1176 922 δῆμος
1221 837 1675 923 ἀπεχθόμενος
1718 842 2127 923 χαλεπαίνει,

227 961 306 1002 115
335 945 486 1008 οὔτε
532 944 952 1025 κασιγνήτοις
999 942 1476 1028 ἐπιμέμφομαι,
1524 937 1665 1009 οἷσί
1704 966 1826 1030 περ
1873 944 2040 1029 ἀνὴρ

331 1047 812 1132 μαρναμένοισι.
856 1047 1170 1132 πέποιθε,
1214 1047 1325 1114 καὶ
1372 1053 1435 1114 εἰ
1478 1047 1642 1133 μέγα
1688 1060 1907 1125 νεῖκος
1953 1051 2198 1133 ὄρηται.

336 1147 466 1217 ὧδε
510 1154 637 1238 γὰρ
684 1153 1005 1240 ἡμετέρην
1049 1157 1287 1239 γενεὴν
1332 1155 1638 1252 μού-νωσε
1683 1157 1996 1238 Κρονίων
2010 1174 2188 1227 ’Μαι
2209 1144 2302 1213 ὦ.
2327 1160 2390 1267 lb
2420 1112 2580 1246 (tn—K*

332 1268 586 1341 μοῦνον
629 1258 936 1343 Λαέρτην
972 1257 1334 1345 Ἀρκείσιος
1377 1262 1529 1326 υἱὸν
1575 1262 1813 1342 ἔτικτε,
2280 1222 2487 1312 ΗΜΛ

334 1373 587 1446 μοῦνον
626 1361 687 1428 δ’
736 1359 889 1453 αὖτ’.
915 1361 1201 1449 Ὀδυσῆα
1238 1368 1451 1449 πατὴρ
1489 1363 1701 1430 τέκεν·
1749 1365 1957 1449 αὐτὰρ
1995 1360 2350 1438 Ὀδυσσεὺς

230 1487 307 1525 120
335 1479 588 1551 μοῦνον
635 1467 733 1552 ἔμ’
781 1469 854 1535 ἐν
900 1471 1244 1556 μεγάροισι
1291 1471 1499 1535 τεκὼν
1547 1474 1770 1554 λίπεν,
1815 1466 1960 1535 οὐδ’
2006 1468 2312 1552 ἀπόνητο.

338 1574 429 1636 τὼ
473 1582 602 1638 νῦν
648 1573 1002 1658 δυσμενέες
1045 1575 1220 1658 μάλα
1266 1578 1495 1658 μυρίοι
1539 1571 1661 1638 εἴσ’
1709 1572 1807 1638 ἐνὶ
1854 1579 2030 1661 οἴκῳ.

338 1676 526 1742 ὅσσοι
572 1679 697 1764 γὰρ
744 1681 1048 1761 νήσοισιν
1096 1676 1594 1764 ἐπικρατέουσιν
1639 1678 1926 1762 ἄριστοι,

331 1786 670 1870 Δουλιχίῳ
717 1806 784 1847 τε
831 1783 1028 1867 Σάμῃ
1074 1806 1143 1846 τε
1191 1785 1299 1847 καὶ
1349 1783 1616 1866 ὑλήεντι
1664 1782 2027 1869 Ζακύνθῳ,

331 1885 438 1971 ἠδ’
486 1887 673 1952 ὅσσοι
720 1890 1015 1973 κραναὴν
1053 1885 1325 1969 Ἰθάκην
1369 1888 1533 1952 κάτα
1577 1883 2028 1970 κοιρανέουσι,

229 2011 307 2051 12⁵
333 1995 558 2057 τόσσοι
606 1989 824 2076 μητέρ’
872 1991 1036 2075 ἐμὴν
1082 2003 1406 2075 μνῶνται,
1450 1992 1764 2077 τρύχουσι
1813 1987 1886 2055 δὲ
1932 1986 2135 2056 οἷκον.

332 2096 373 2178 ἡ
422 2094 480 2159 δ’
528 2094 669 2161 οὔτ’
710 2094 1002 2180 ἀρνεῖται
1050 2098 1373 2182 στυγερὸν
1420 2097 1633 2180 γάμον
1680 2097 1833 2161 οὔτε
1878 2097 2188 2179 τελευτὴν

332 2209 601 2284 ποιῆσαι
648 2202 951 2266 δύναται·
998 2200 1100 2267 τοὶ
1147 2198 1221 2267 δὲ
1266 2202 1731 2287 φθινύθουσιν
1777 2202 2038 2278 ἔδοντες

334 2301 518 2371 οἷκον
566 2305 753 2390 ἐμόν·
800 2308 963 2392 τάχα
1010 2310 1092 2392 δή
1139 2331 1218 2393 με
1267 2309 1687 2394 διαραίσουσι
1732 2306 1841 2374 καὶ
1892 2307 2115 2373 αὐτόν.

334 2408 477 2477 ἀλλ’
522 2413 668 2495 ἤτοι
714 2411 836 2497 μὲν
881 2424 1084 2480 ταῦτα
1129 2421 1311 2479 θεῶν
1360 2413 1432 2479 ἐν
1478 2415 1758 2497 γούνασι
1802 2425 2032 2478 κεῖται·

229 2538 307 2579 130
334 2517 527 2601 ἅττα,
573 2520 655 2582 σὺ
703 2516 764 2582 δ’
808 2519 993 2603 ἔρχεο
1041 2525 1335 2601 θᾶσσον,
1382 2517 1690 2603 ἐχέφρονι
1737 2521 2152 2602 Πηνελοπείῃ

333 2619 495 2706 εἴφ’,
541 2622 641 2686 ὅτι
689 2623 759 2685 οἱ
798 2633 929 2697 σῶς
972 2625 1106 2705 εἰμι
1151 2620 1260 2686 καὶ
1308 2622 1380 2686 ἐκ
1425 2623 1662 2685 Πύλου
1708 2622 2086 2702 εἰλήλουθα.

335 2726 541 2811 αὐτὰρ
589 2724 760 2807 ἐγὼν
806 2726 1012 2791 αὐτοῦ
1058 2726 1301 2810 μενέω,
1348 2728 1432 2791 σὺ
1480 2721 1554 2789 δὲ
1602 2725 1801 2807 δεῦρο
1846 2723 2117 2789 νέεσθαι

335 2836 442 2916 οἴῃ
488 2827 908 2911 ἀπαγγείλας·
955 2841 1088 2894 τῶν
1136 2826 1195 2893 δ’
1242 2831 1464 2894 ἄλλων
1511 2832 1599 2913 μή
1645 2853 1743 2905 τις
1782 2827 2057 2914 Ἀχαιῶν

332 2933 720 3000 πευθέσθω·
768 2932 1005 3000 πολλοὶ
1049 2935 1175 3021 γὰρ
1224 2932 1368 3019 ἐμοὶ
1413 2936 1579 2999 κακά
1626 2934 2145 3020 μηχανόωνται.“

228 3061 307 3101 135
422 3042 539 3106 τὸν
586 3038 646 3105 δ’
693 3038 1216 3124 ἀπαμειβόμενος
1259 3039 1628 3126 προσέφης,
1673 3041 1924 3123 Εὔμαιε
1972 3043 2258 3122 συβῶτα·

423 3148 768 3230 »γινώσκω
783 3195 802 3230 ,
846 3143 1136 3231 φρονέω·
1184 3147 1263 3210 τά
1307 3169 1382 3229 γε
1431 3148 1513 3230 δὴ
1558 3144 1818 3212 νοέοντι
1863 3145 2164 3219 κελεύεις.

333 3249 478 3316 ἀλλ’
523 3253 640 3335 ἄγε
686 3276 799 3336 μοι
844 3253 997 3317 τόδε
1042 3248 1183 3316 εἰπὲ
1226 3249 1337 3316 καὶ
1385 3249 1703 3336 ἀτρεκέως
1745 3247 2132 3331 κατάλεξον,

58 3400 83 3419 J.
106 3369 257 3435 mu„
335 3354 377 3438 ἣ
422 3353 531 3419 καὶ
576 3354 837 3441 Λαέρτῃ
885 3356 1093 3439 αὐτὴν
1139 3356 1302 3421 ὁδὸν
1350 3358 1625 3438 ἅγγελος
1668 3356 1848 3418 ἔλθω

324 3440 682 3547 δυσμόρῳ,
726 3458 799 3536 ὃς
840 3463 1030 3545 τείως
1073 3456 1194 3544 μὲν
1233 3458 1590 3541 Ὀδυσσῆος
1634 3455 1773 3542 μέγ’
1823 3457 2080 3542 ἀχεύων

232 3587 309 3627 140
337 3564 497 3650 ἔργά
541 3561 598 3628 τ’
641 3540 1070 3679 ἐποπτεύμσκε
1118 3565 1275 3648 μετὰ
1323 3565 1565 3646 δμώων
1609 3560 1665 3628 τ’
1710 3561 1809 3627 ἐνὶ
1854 3569 2013 3653 οἴκῳ

917 3690 923 3725 Ξ
