2650 3909
658 201 686 264 ξ
725 201 837 267 (14)
875 189 1175 262 Ὀδυσσέως
1210 199 1350 268 πρὸς
1388 198 1644 269 Εὔμαιον
1681 198 1883 269 ὁμιλία.
2198 197 2280 259 31

269 354 612 439 ’Διογενὲς
656 358 1066 443 Λαερτιάδη,
1111 356 1517 444 πολυμήχαν’
1568 357 1916 442 Ὀδυσσεῦ,

269 462 351 526 οὔ
398 484 501 528 τοι
547 465 641 527 ἔτι
691 466 912 541 ζωοῖσι
958 462 1386 547 μετέσσομαι,
1430 464 1596 529 ἀλλά
1641 487 1722 547 με
1766 461 1956 549 χεῖμα
2433 518 2446 532 .

270 566 624 650 δάμναται·
663 567 746 633 οὐ
784 568 910 654 γὰρ
944 571 1071 652 ἔχω
1098 574 1397 654 χλαῖναν.
1469 569 1646 654 παρά
1683 564 1750 652 μ’
1783 571 2001 656 ἤπαφε
2031 571 2287 651 δαίμων
2301 517 2540 709 Ltus-«3421

270 669 598 759 οἰοχίτων’
644 675 894 758 ἔμεναι·
941 682 1069 739 νῦν
1116 668 1177 737 δ’
1221 672 1441 741 οὐκέτι
1487 675 1704 758 φυκτὰ
1748 673 2098 740 πέλονται.’

158 801 243 840 490
271 777 359 854 ὣς
405 776 698 863 ἐφάμην,
743 779 780 846 ὁ
827 775 888 843 δ’
935 782 1153 845 ἔπειτα
1198 782 1363 870 νέον
1410 779 1609 866 σχέθε
1655 778 1834 846 τόνδ’
1860 753 1984 845 ’ἑνὶ
2028 771 2346 865 θυμῷζδδ.
2383 741 2560 832 ΠΜὟ

271 875 411 960 οἷος
454 895 674 960 κεῖνος
720 886 837 967 ἔην
883 883 1286 968 βουλευέμεν
1329 882 1452 968 ἠδὲ
1498 885 1852 971 μάχεσθαι·

269 988 726 1073 φθεγξάμενος
771 987 832 1055 δ’
879 990 1069 1076 ὀλίγῃ
1116 990 1236 1055 ὀπί
1274 1014 1355 1073 με
1400 992 1567 1074 πρὸς
1611 997 1837 1074 μῦθον
1883 994 2082 1056 ἔειπε·

272 1093 447 1178 εσίγα
491 1104 652 1178 νῦν,
697 1097 787 1179 μή
832 1098 930 1172 τίς
975 1111 1093 1160 σευ
1133 1092 1412 1181 Ἀχαιῶν
1458 1096 1657 1172 ἄλλος
1701 1095 1993 1182 eamdem?

268 1194 309 1282 ἦ
356 1196 467 1264 καὶ
513 1196 612 1264 ἐπ’
659 1200 954 1283 ἀγκῶνος
998 1202 1293 1285 κεφαλὴν
1341 1199 1580 1286 σχέθεν
1626 1196 1772 1266 εἶπέ
1810 1223 1879 1267 τε
1924 1207 2176 1284 μῦθον·

159 1326 241 1367 495
272 1304 522 1388 εκλῦτε,
565 1307 781 1390 φίλοι·
825 1308 1013 1381 θεῖός
1057 1329 1170 1388 μοι
1217 1305 1533 1371 ἐνύπνιον
1579 1300 1789 1388 ἦλθεν
1836 1308 2108 1392 ὄνειρος.

271 1412 423 1492 λίην
467 1411 595 1494 γὰρ
643 1421 824 1493 νηῶν
871 1407 1021 1485 ἕκάς
1064 1411 1391 1493 ἤλθομεν·
1438 1409 1606 1475 ἀλλά
1648 1434 1747 1487 τις
1792 1417 1891 1494 εἴη

269 1516 479 1579 εἰπεῖν
520 1510 815 1602 Ἀτρείδῃ
857 1510 1324 1598 Ἀγαμέμνονι,
1370 1512 1633 1597 ποιμένι
1680 1519 1890 1597 λαῶν,

270 1621 334 1684 εἰ
374 1617 658 1697 πλέονας
701 1620 878 1719 π-αρὰ
922 1629 1174 1703 ναῦφιν
1219 1619 1599 1706 ἐποτρύνειε
1645 1619 1958 1686 νέεσθαι.’
1968 1689 1972 1695 ,
2036 1617 2136 1731 k«.

272 1725 361 1801 ὣς
406 1724 622 1810 ἔφατ’,
673 1720 845 1812 ὦρτο
892 1722 957 1789 δ’
998 1727 1218 1790 ἔπειτα
1265 1729 1472 1808 Θόας,
1511 1723 1980 1812 Ἀνδραίμονος
2022 1727 2202 1810 υἱός,

165 1853 247 1892 500
273 1832 729 1916 καρπαλίμως,
773 1828 903 1895 ἀπὸ
951 1826 1026 1894 δὲ
1071 1834 1350 1913 χλαῖναν
1393 1828 1553 1896 θέτο
1601 1834 2102 1915 φοινικόεσσαν,

270 1939 354 2019 βῆ
403 1932 477 1999 δὲ
520 1933 710 2001 θέειν
757 1933 865 2000 ε’πὶ
909 1944 1088 2018 νῆας.
1182 1934 1309 2018 ἐγὼ
1359 1933 1421 1999 δ’
1464 1934 1566 2001 ἐνὶ
1611 1938 1823 2019 εἵματι
1867 1940 2092 2001 κείνου

270 2044 504 2124 κείμην
550 2040 918 2123 ἀσπασίως,
961 2039 1089 2124 φάε
1138 2036 1212 2104 δὲ
1257 2044 1719 2126 χρυσόθρονος
1756 2038 1945 2116 Ἠώς.

272 2141 345 2206 ὣς
381 2151 488 2198 νῦν
524 2142 762 2215 ἡβώοιμι
800 2143 892 2215 βίη
929 2140 990 2197 τέ
1026 2161 1121 2212 μοι
1160 2140 1397 2212 ἔμπεδος
1434 2145 1545 2212 εἴη·

272 2231 398 2299 δοίη
437 2228 538 2284 κέν
573 2249 657 2292 τις
692 2234 929 2299 χλαῖναν
968 2225 1055 2284 ένὶ
1091 2233 1394 2300 σταθμοῖσι
1432 2233 1757 2303 συφορβῶν,
2121 2269 2156 2287 ..

163 2336 243 2378 505
271 2316 622 2389 ἀμφότερον,
661 2316 915 2387 φιλότητι
952 2317 1048 2372 καὶ
1085 2316 1250 2373 αἰδοῖ
1276 2319 1464 2392 φωτρς
1499 2314 1594 2372 ἕ”ο
1629 2362 1639 2374 .
1795 2329 1932 2394 ίῳὺῢ
1963 2325 2260 2373 Ψῑ-νὶυῑκ

271 2412 376 2460 νῦν
415 2402 480 2459 δέ
516 2400 577 2474 μ’
610 2403 936 2474 ἀτιμάζουσι
972 2404 1123 2459 κακὰ
1158 2405 1286 2475 χροῒ
1319 2338 1791 2474 εὶ”’ματ”Ξῖι”)ντα.“ι
1813 2397 1828 2426 “’

358 2498 477 2562 τὸν
525 2492 585 2560 δ’
632 2493 1155 2579 ἀπαμειβόμενος
1198 2493 1564 2582 προσέφης,
1608 2497 1861 2579 Εὔμαιε
1910 2500 2201 2580 συβῶτα·

360 2598 457 2686 ,,ὦ
505 2600 739 2687 γέρον,
785 2593 971 2677 αἶνος
1014 2598 1136 2683 μέν
1180 2624 1284 2667 τοι
1331 2600 1642 2684 ἀμύμων,
1689 2599 1769 2665 ὃν
1814 2598 2187 2684 κατέλεξας,

272 2704 438 2772 οὐδέ
474 2710 547 2771 τί
583 2729 686 2771 πω
731 2707 908 2793 παρὰ
952 2716 1194 2791 μοῖραν
1241 2708 1395 2782 ἔπος
1440 2702 1754 2800 νηκερδὲς
1798 2709 2030 2784 ἔειπες·
2053 2717 2284 2814 υννκὶῐω
2306 2695 2556 2814 ἿκΓι·ν[ι

165 2833 245 2874 510
270 2813 361 2876 τὼ
409 2809 549 2877 οὔτ’
595 2810 873 2896 ἐσθῆτος
920 2812 1228 2895 δευήσεαι
1276 2809 1435 2878 οὔτέ
1472 2835 1587 2876 τευ
1632 2814 1839 2878 ἄλλου
1851 2862 1872 2897 ,

273 2910 367 2981 ὧν
414 2914 654 3001 ἐπέοιχ’
699 2915 917 3000 ἱκέτην
962 2920 1386 3002 ταλαπείριον
1434 2915 1863 3000 ἀντιάσαντα,
1965 2951 2042 2984 εει
2063 2924 2228 3010 *5³¹⁹*

271 3030 425 3086 νῦν·
471 3020 634 3106 ἀτὰρ
681 3018 906 3105 ἠῶθέν
949 3042 1024 3103 γε
1069 3021 1150 3085 τὰ
1196 3022 1281 3086 σὰ
1327 3020 1530 3107 ῥάκεα
1577 3001 2154 3109 δνιῃ-ταλίξεις.ἠΜ
2171 3031 2266 3110 μζ
2320 3055 2402 3103 ,ἰχ

274 3125 356 3190 οὐ
400 3127 529 3212 γὰρ
575 3121 816 3190 πολλαὶ
860 3129 1124 3210 χλαῖναι
1171 3124 1525 3211 ἐπημοιβοί
1563 3149 1631 3191 τε
1677 3136 1947 3211 χιτῶνες
2283 3133 2288 3138 ’

165 3253 247 3295 514
273 3228 517 3295 ἐνθάδε
564 3229 921 3313 ἕννυσθαι,
966 3231 1084 3312 μία
1130 3223 1192 3293 δ’
1237 3236 1343 3314 οἴη
1389 3229 1560 3316 φωτὶ
1607 3227 1918 3319 ἑκάστω.“

168 3358 245 3399 518
362 3335 451 3412 ὣς
494 3336 698 3400 εἰπὼν
744 3333 1103 3420 ἀνόρουσε,
1146 3338 1322 3400 τίθει
1369 3330 1429 3399 δ’
1473 3336 1601 3422 ἄρα
1647 3335 1719 3401 οί
1757 3337 1966 3421 πυρὸς
2007 3335 2203 3420 ἐγγὺς

272 3439 510 3524 εὐνήν,
556 3439 629 3504 ἐν
676 3436 739 3503 δ’
785 3440 948 3505 ὀίων
992 3464 1062 3505 τε
1109 3437 1220 3506 καὶ
1266 3443 1475 3524 αἰγῶν
1522 3438 1790 3526 δέρματ’
1834 3444 2128 3525 ἔβαλλεν.

166 3566 246 3608 520
274 3541 421 3610 ἔνθ’
469 3542 783 3622 Ὀδυσεὺς
827 3544 1188 3611 κατέλεκτ’·
1237 3544 1345 3612 ἐπὶ
1390 3543 1466 3610 δὲ
1511 3552 1789 3627 χλαῖναν
1835 3547 2037 3618 βάλεν
2083 3548 2261 3624 αὐτῷ

1959 2905 1972 2944 ὶ
