2650 3909
381 236 509 302 190
1157 259 1200 292 ω
1239 242 1350 309 (24)
1390 240 1646 292 σπονδαί.

376 393 540 476 αἶψα
586 396 647 462 δ’
682 395 1014 483 Ὀδυσσῆα
1059 401 1216 463 ἔπεα
1259 401 1618 483 πτερόεντα
1662 400 2033 483 προσηύδα·

268 527 349 567 495
468 495 652 587 »οἶδε
700 504 783 587 δὴ
832 503 1027 585 ἐγγὺς
1072 500 1243 567 ἔασ’·
1289 500 1433 568 ἀλλ’
1480 503 1902 587 ὁπλιζώμεθα
1945 503 2271 569 θᾶσσον.“

465 609 553 685 ὣς
598 606 832 693 ἔφαθ’,
879 610 950 674 οἰ
990 606 1049 673 δ’
1098 610 1397 693 ὤρνυντο
1443 606 1554 673 καὶ
1600 607 1673 673 ἐν
1718 610 2018 692 τεύχεσσι
2064 611 2338 692 δύοντο,

373 713 685 800 τέσσαρες
730 708 895 798 ἄμφ’
941 708 1229 798 Ὀδυσῆ’,
1275 713 1341 791 ἓξ
1366 712 1451 797 ῑδ’
1499 715 1667 790 υἰεῖς
1713 715 1783 779 οἱ
1823 717 2130 780 Δολίοιο·

375 818 449 883 ἐν
497 817 557 884 δ’
601 821 729 905 ἄρα
776 817 1072 903 Λαέρτης
1117 816 1368 894 Δολίος
1412 817 1467 882 τ’
1516 817 1581 894 ἐς
1625 815 1829 903 τεύχε’
1879 819 2154 901 ἔδυνον,

375 923 484 990 καὶ
528 928 757 990 πολιοί
796 945 918 1009 περ
967 923 1218 1006 ἐόντες,
1263 922 1614 1005 ἀναγκαῖοι
1659 928 2063 1006 πολεμισταί.

268 1052 349 1093 500
375 1029 580 1112 αὐτὰρ
629 1027 775 1093 ἐπεί
813 1026 872 1114 ῤ’
917 1027 1195 1094 ἕσσαντο
1241 1026 1393 1113 περὶ
1439 1031 1594 1114 χροῒ
1633 1030 1907 1112 νώροπα
1951 1033 2227 1114 χαλκόν,

376 1132 576 1210 ὥιξάν
622 1133 707 1219 ῥα
750 1135 998 1218 θύρας,
1044 1132 1116 1197 ἐκ
1162 1130 1222 1197 δ’
1267 1135 1452 1217 ἥιον,
1497 1128 1656 1219 ἦρχε
1705 1131 1766 1199 δ’
1816 1131 2182 1210 Ὀδυσσεύς.

462 1249 634 1303 τοῖσι
671 1236 734 1304 δ’
780 1227 879 1305 ἐπ’
909 1234 1289 1322 ἀγχίμολον
1323 1240 1626 1325 θυγάτηρ
1665 1242 1835 1316 Διὸς
1868 1234 2082 1323 ἦλθεν
2122 1236 2395 1324 Ἀθήνη,

374 1331 671 1430 Μέντορι
717 1339 1038 1428 εἰδομένη
1069 1341 1237 1428 ἠμὲν
1284 1343 1484 1428 δέμας
1529 1341 1650 1431 ἠδὲ
1694 1343 1804 1410 καὶ
1834 1344 2084 1428 αὐδήν.

373 1451 497 1534 τὴν
541 1446 668 1532 μὲν
711 1451 876 1515 ἰδὼν
921 1451 1188 1533 γήθησε,Ἰ
1222 1451 1555 1531 πολύτλας
1602 1451 1745 1527 δῖος
1781 1446 2162 1524 Ὀδυσσεύς·

266 1580 346 1621 505
375 1550 539 1633 αἶψα
585 1552 659 1620 δὲ
714 1553 1096 1639 Τηλέμαχον
1141 1557 1610 1640 ’προσεφώνεεν
1658 1554 1738 1620 ὃν
1782 1558 1983 1638 φίλον
2029 1555 2207 1618 υἱόν·

463 1659 837 1745 ,,Τηλέμαχ’
847 1710 866 1744 ,
910 1662 1038 1745 ἤδη
1085 1656 1207 1744 μὲν
1253 1662 1406 1725 τόδε
1452 1656 1511 1743 γ’
1566 1667 1772 1752 εἴσεαι
1818 1660 2015 1735 αὐτὸς
2061 1658 2392 1744 ἐπελθών,

374 1765 642 1852 ἀνδρῶν
686 1764 1205 1852 μαρναμένων”
1175 1789 1284 1830 ινα
1329 1788 1400 1830 τε
1446 1747 1785 1865 κρίνονται
1831 1755 2517 1849 domvmssmmw
2646 1778 2647 1801 ἢ

373 1873 461 1955 μή
507 1895 570 1935 τι
615 1873 1074 1956 καταισχύνειν
1120 1867 1439 1954 πατέρων
1467 1868 1682 1954 γένος,
1730 1856 1800 1934 οἳ
1839 1871 1914 1934 τὸ
1961 1871 2170 1955 πάρος
2212 1891 2334 1957 περ
2398 1833 2581 1900 “w
2646 1934 2647 1937 ,

374 1975 538 2059 ἄλκη
585 1971 639 2039 τ’
684 1975 927 2060 ἠνορέῃ
973 1998 1042 2040 τε
1088 1975 1466 2057 κεκάσμεθα
1511 1983 1729 2039 πᾶσαν
1776 1972 1875 2038 ἐπ’
1919 1969 2090 2040 αἶαν.
2091 1975 2135 2012 “

269 2104 347 2145 510
461 2083 580 2146 τὸν
626 2076 686 2144 δ’
732 2075 817 2144 αὖ
873 2077 1247 2169 Τηλέμαχος
1290 2077 1706 2164 πεπνυμένος
1749 2078 1978 2145 ἀντίον
2023 2081 2222 2164 ηὔδα·

464 2188 724 2270 ,,ὅψεαι,
770 2190 849 2250 αἱ
882 2182 942 2249 κ’
991 2183 1351 2271 ἐθέλῃσθα,
1396 2185 1599 2270 πάτερ
1636 2188 1812 2269 φίλε,
1856 2184 2011 2273 τῷδ’
2059 2183 2157 2250 ἐνὶ
2193 2192 2387 2271 θυμῷ
2514 2190 2543 2201 “

375 2292 456 2356 οὔ
500 2315 563 2357 τι
606 2292 1128 2375 καταισχύνοντα
1173 2293 1324 2356 τεὸν
1369 2290 1594 2375 γένος,
1640 2291 1728 2366 ὡς
1773 2289 2174 2394 άγορεύειςέ(

464 2396 552 2474 ὣς
596 2398 798 2481 φάτο,
843 2396 1141 2482 Λαέρτης
1187 2395 1261 2461 δὲ
1306 2398 1473 2482 χάρη
1520 2394 1630 2461 καὶ
1674 2388 1899 2479 μῦθον
1946 2398 2145 2465 ἔειπε·

465 2506 605 2587 ,,τίς
648 2503 734 2567 νύ
755 2527 893 2586 μοι
937 2488 1145 2597 ἡμέρη
1191 2497 1342 2584 ἥδε,
1385 2500 1538 2567 θεοὶ
1584 2504 1801 2585 φίλοις
1847 2496 1888 2585 ἦ
1937 2482 2111 2585 μάλα
2157 2480 2431 2633 malon&

267 2630 345 2671 515
372 2609 519 2684 υἱός
560 2604 632 2672 θ’
679 2606 920 2688 υζςῃιός
964 2605 1022 2671 τ’
1068 2606 1302 2691 ἀρετῆς
1347 2604 1497 2690 πέρι
1543 2608 1738 2689 δηριν
1785 2606 2046 2689 ἔχουσιέ
2051 2607 2237 2681 ‘mh
2263 2633 2417 2693 m

459 2714 577 2777 τὸν
624 2708 698 2775 δὲ
741 2708 1188 2795 παρισταμένη
1236 2707 1537 2793 προσέφη
1584 2713 1958 2791 γλαυκῶπις
1996 2706 2271 2791 Ἀθήνη·

460 2811 557 2901 ,,ὦ
598 2812 1039 2900 Ἀρκεισιάδη,
1084 2813 1355 2878 πάντων
1397 2815 1569 2878 πολὺ
1614 2806 1882 2897 φίλταθ’
1930 2810 2237 2897 ἑταίρων,

371 2920 726 3003 εὐξάμενος
769 2920 976 3005 κούρη
1024 2919 1435 3013 γλαυκώπιδι
1481 2915 1590 2982 καὶ
1635 2915 1756 2981 Διὶ
1772 2921 2027 3005 πατρί,
2646 2938 2647 3007 f

372 3023 534 3105 αἶψα
580 3023 730 3111 μάλ’
754 3006 1174 3151 ἀμπεπαλὼν
1220 3026 1439 3110 προΐει
1487 3025 1906 3109 δολιχόσκιον
1951 3026 2154 3108 ἔγχος
2157 3024 2200 3060 “
2228 3016 2599 3192 Ἥ
2646 3024 2647 3091 j

264 3155 345 3196 ⁵20
462 3133 550 3209 ὣς
575 3133 769 3218 φάτο,
805 3134 921 3195 καί
943 3126 1004 3216 ῤ’
1043 3131 1366 3237 ἔμπνευσε
1405 3127 1603 3224 μένος
1636 3127 1800 3213 μέγα
1827 3129 2099 3205 Παλλὰς
2119 3126 2367 3212 Ἀθήνη

371 3238 723 3321 εὐξάμενος
771 3232 831 3300 δ’
877 3233 978 3321 ἄρ’
1028 3238 1247 3300 ἔπειτα
1293 3236 1463 3310 Διὸς
1505 3235 1712 3320 κούρῃ
1759 3234 2102 3318 μεγάλοιο,

371 3338 534 3418 αἶψα
580 3338 728 3427 μάλ’
775 3341 1180 3425 ἀμπεπαλὼν
1222 3342 1441 3425 προΐει
1489 3341 1910 3439 δολιχόσκιον
1956 3341 2176 3424 ἔγχος,

369 3445 481 3512 καὶ
525 3448 728 3530 βάλεν
778 3448 1118 3512 Εὐπείθεα
1162 3449 1456 3531 κόρυθος
1503 3447 1611 3510 διὰ
1657 3443 2134 3536 χαλκοπαρῄου.
2147 3447 2241 3494 Μ
2263 3428 2451 3489 ‘'Ul-'¹‘

370 3552 411 3633 ἡ
460 3546 520 3614 δ’
567 3550 689 3615 οὐκ
734 3554 923 3637 ἔγχος
968 3536 1195 3658 ἔρυτο,
1241 3552 1353 3617 διὰ
1397 3554 1524 3637 πρὸ
1572 3547 1646 3615 δὲ
1691 3556 1911 3617 εἴσατο
1957 3503 2629 3717 χαλκόξῷωιηηι

964 3640 1128 3745 Q(
1154 3672 1296 3743 mr
