<?xml version="1.0" encoding="UTF-8"?>
<!DOCTYPE html PUBLIC "-//W3C//DTD XHTML 1.0 Transitional//EN"
    "http://www.w3.org/TR/xhtml1/DTD/xhtml1-transitional.dtd">
<html xmlns="http://www.w3.org/1999/xhtml" xml:lang="en" lang="en">
 <head>
  <title>
</title>
<meta http-equiv="Content-Type" content="text/html;charset=utf-8" />
  <meta name='ocr-system' content='tesseract 3.04.00' />
  <meta name='ocr-capabilities' content='ocr_page ocr_carea ocr_par ocr_line ocrx_word'/>
</head>
<body>
  <div class='ocr_page' id='page_1' title='image "./odyssea00unkngoog_0083.png"; bbox 0 0 2650 3909; ppageno 0'>
   <div class='ocr_carea' id='block_1_1' title="bbox 707 206 2644 281">
    <p class='ocr_par' dir='ltr' id='par_1_1' title="bbox 707 206 2644 298">
     <span class='ocr_line' id='line_1_1' title="bbox 707 206 2644 281; baseline 0.001 -17"><span class='ocrx_word' id='word_1_1' title='bbox 707 231 738 280; x_wconf 86' lang='grc' dir='ltr'><strong><em>ρ</em></strong></span> <span class='ocrx_word' id='word_1_2' title='bbox 777 213 889 279; x_wconf 84' lang='grc'>(17)</span> <span class='ocrx_word' id='word_1_3' title='bbox 928 206 1208 273; x_wconf 73' lang='grc' dir='ltr'><strong><em>ἐπάνοδος</em></strong></span> <span class='ocrx_word' id='word_1_4' title='bbox 1248 209 1574 281; x_wconf 76' lang='grc' dir='ltr'><strong><em>Τηλεμάχου</em></strong></span> <span class='ocrx_word' id='word_1_5' title='bbox 1612 208 1691 273; x_wconf 84' lang='grc' dir='ltr'><strong><em>εἰς</em></strong></span> <span class='ocrx_word' id='word_1_6' title='bbox 1720 207 1971 279; x_wconf 78' lang='grc' dir='ltr'><strong><em>Ἰθάκην.</em></strong></span> <span class='ocrx_word' id='word_1_7' title='bbox 2261 207 2343 271; x_wconf 81' lang='grc'><strong><em>67</em></strong></span> <span class='ocrx_word' id='word_1_8' title='bbox 2643 229 2644 268; x_wconf 56' lang='grc' dir='ltr'><strong>ι</strong></span> 
     </span>
    </p>
   </div>
   <div class='ocr_carea' id='block_1_2' title="bbox 253 366 2350 2356">
    <p class='ocr_par' dir='ltr' id='par_1_2' title="bbox 253 366 2350 2356">
     <span class='ocr_line' id='line_1_2' title="bbox 334 366 2013 456; baseline 0.001 -22"><span class='ocrx_word' id='word_1_9' title='bbox 334 373 524 453; x_wconf 87' lang='grc' dir='ltr'><strong><em>ἔγχος</em></strong></span> <span class='ocrx_word' id='word_1_10' title='bbox 570 366 693 453; x_wconf 73' lang='grc' dir='ltr'><strong><em>μὲν</em></strong></span> <span class='ocrx_word' id='word_1_11' title='bbox 739 378 935 453; x_wconf 82' lang='grc' dir='ltr'><strong><em>στῆσε</em></strong></span> <span class='ocrx_word' id='word_1_12' title='bbox 981 373 1145 454; x_wconf 88' lang='grc' dir='ltr'><strong><em>πρὸς</em></strong></span> <span class='ocrx_word' id='word_1_13' title='bbox 1189 373 1383 454; x_wconf 81' lang='grc' dir='ltr'><strong><em>κίονα</em></strong></span> <span class='ocrx_word' id='word_1_14' title='bbox 1429 372 1683 456; x_wconf 87' lang='grc' dir='ltr'><strong><em>μακρὸν</em></strong></span> <span class='ocrx_word' id='word_1_15' title='bbox 1730 369 2013 454; x_wconf 77' lang='grc' dir='ltr'><strong><em>ἐρείσας,</em></strong></span> 
     </span>
     <span class='ocr_line' id='line_1_3' title="bbox 255 473 1996 558; baseline 0.001 -20"><span class='ocrx_word' id='word_1_16' title='bbox 255 499 308 538; x_wconf 84' lang='lat'><strong><em>30</em></strong></span> <span class='ocrx_word' id='word_1_17' title='bbox 335 475 533 551; x_wconf 86' lang='grc' dir='ltr'><strong><em>αὐτὸς</em></strong></span> <span class='ocrx_word' id='word_1_18' title='bbox 579 473 639 540; x_wconf 90' lang='grc' dir='ltr'><strong><em>δ’</em></strong></span> <span class='ocrx_word' id='word_1_19' title='bbox 686 481 842 539; x_wconf 76' lang='grc' dir='ltr'><strong><em>εἴσω</em></strong></span> <span class='ocrx_word' id='word_1_20' title='bbox 890 482 990 540; x_wconf 76' lang='grc' dir='ltr'><strong><em>ἴεν</em></strong></span> <span class='ocrx_word' id='word_1_21' title='bbox 1034 473 1147 540; x_wconf 85' lang='grc' dir='ltr'><strong><em>καὶ</em></strong></span> <span class='ocrx_word' id='word_1_22' title='bbox 1191 474 1444 558; x_wconf 92' lang='grc' dir='ltr'><strong><em>ὑπέρβη</em></strong></span> <span class='ocrx_word' id='word_1_23' title='bbox 1493 475 1723 539; x_wconf 79' lang='grc' dir='ltr'><strong><em>λάινον</em></strong></span> <span class='ocrx_word' id='word_1_24' title='bbox 1772 475 1996 541; x_wconf 87' lang='grc' dir='ltr'><strong><em>οὐδόν.</em></strong></span> 
     </span>
     <span class='ocr_line' id='line_1_4' title="bbox 422 575 2215 676; baseline -0.001 -31"><span class='ocrx_word' id='word_1_25' title='bbox 422 582 539 645; x_wconf 89' lang='grc' dir='ltr'><strong><em>τὸν</em></strong></span> <span class='ocrx_word' id='word_1_26' title='bbox 587 575 662 645; x_wconf 74' lang='grc' dir='ltr'><strong><em>δὲ</em></strong></span> <span class='ocrx_word' id='word_1_27' title='bbox 707 582 878 645; x_wconf 84' lang='grc' dir='ltr'><strong><em>πολὺ</em></strong></span> <span class='ocrx_word' id='word_1_28' title='bbox 923 580 1147 664; x_wconf 80' lang='grc' dir='ltr'><strong><em>πρώτη</em></strong></span> <span class='ocrx_word' id='word_1_29' title='bbox 1195 575 1331 645; x_wconf 86' lang='grc' dir='ltr'><strong><em>εἶδε</em></strong></span> <span class='ocrx_word' id='word_1_30' title='bbox 1378 583 1621 666; x_wconf 90' lang='grc' dir='ltr'><strong><em>τροφὸς</em></strong></span> <span class='ocrx_word' id='word_1_31' title='bbox 1663 579 2066 664; x_wconf 81' lang='grc' dir='ltr'><strong><em>Εὐρύκλεια,</em></strong></span> <span class='ocrx_word' id='word_1_32' title='bbox 2195 654 2215 676; x_wconf 30' lang='grc' dir='ltr'><strong>η</strong></span> 
     </span>
     <span class='ocr_line' id='line_1_5' title="bbox 333 682 1910 776; baseline 0 -27"><span class='ocrx_word' id='word_1_33' title='bbox 333 686 504 750; x_wconf 88' lang='grc' dir='ltr'><strong><em>κώεα</em></strong></span> <span class='ocrx_word' id='word_1_34' title='bbox 551 695 969 776; x_wconf 48' lang='grc' dir='ltr'><strong><em>καστορνῦσα</em></strong></span> <span class='ocrx_word' id='word_1_35' title='bbox 1013 687 1291 770; x_wconf 80' lang='grc' dir='ltr'><strong><em>θρόνοις</em></strong></span> <span class='ocrx_word' id='word_1_36' title='bbox 1337 687 1437 750; x_wconf 81' lang='grc' dir='ltr'><strong><em>ἔνι</em></strong></span> <span class='ocrx_word' id='word_1_37' title='bbox 1484 682 1910 750; x_wconf 89' lang='grc' dir='ltr'><strong><em>δαιδαλέοισι.</em></strong></span> 
     </span>
     <span class='ocr_line' id='line_1_6' title="bbox 336 786 2201 876; baseline -0.001 -21"><span class='ocrx_word' id='word_1_38' title='bbox 336 791 721 875; x_wconf 82' lang='grc' dir='ltr'><strong><em>δακρύσασα</em></strong></span> <span class='ocrx_word' id='word_1_39' title='bbox 768 788 829 855; x_wconf 91' lang='grc' dir='ltr'><strong><em>δ’</em></strong></span> <span class='ocrx_word' id='word_1_40' title='bbox 876 786 1071 855; x_wconf 81' lang='grc' dir='ltr'><strong><em>ἔπειτ’</em></strong></span> <span class='ocrx_word' id='word_1_41' title='bbox 1120 792 1275 867; x_wconf 82' lang='grc' dir='ltr'><strong><em>ἰθὺς</em></strong></span> <span class='ocrx_word' id='word_1_42' title='bbox 1317 794 1486 856; x_wconf 82' lang='grc' dir='ltr'><strong><em>κίεν·</em></strong></span> <span class='ocrx_word' id='word_1_43' title='bbox 1536 790 1705 876; x_wconf 86' lang='grc' dir='ltr'><strong><em>ἀμφὶ</em></strong></span> <span class='ocrx_word' id='word_1_44' title='bbox 1752 787 1812 854; x_wconf 85' lang='grc' dir='ltr'><strong><em>δ’</em></strong></span> <span class='ocrx_word' id='word_1_45' title='bbox 1859 786 1963 876; x_wconf 89' lang='grc' dir='ltr'><strong><em>ἄρ’</em></strong></span> <span class='ocrx_word' id='word_1_46' title='bbox 2008 791 2201 854; x_wconf 89' lang='grc' dir='ltr'><strong><em>ἄλλαι</em></strong></span> 
     </span>
     <span class='ocr_line' id='line_1_7' title="bbox 335 893 1955 983; baseline 0.001 -23"><span class='ocrx_word' id='word_1_47' title='bbox 335 894 550 983; x_wconf 73' lang='grc' dir='ltr'><strong><em>δμῳαὶ</em></strong></span> <span class='ocrx_word' id='word_1_48' title='bbox 589 893 947 980; x_wconf 78' lang='grc' dir='ltr'><strong><em>Ὀδυσσῆος</em></strong></span> <span class='ocrx_word' id='word_1_49' title='bbox 991 900 1476 980; x_wconf 87' lang='grc' dir='ltr'><strong><em>ταλασίφρονος</em></strong></span> <span class='ocrx_word' id='word_1_50' title='bbox 1521 894 1955 979; x_wconf 79' lang='grc' dir='ltr'><strong><em>ἠγερέθοντο,</em></strong></span> 
     </span>
     <span class='ocr_line' id='line_1_8' title="bbox 253 999 2153 1085; baseline 0.002 -24"><span class='ocrx_word' id='word_1_51' title='bbox 253 1022 305 1063; x_wconf 76' lang='lat'><strong><em>85</em></strong></span> <span class='ocrx_word' id='word_1_52' title='bbox 332 999 442 1065; x_wconf 85' lang='grc' dir='ltr'><strong><em>καὶ</em></strong></span> <span class='ocrx_word' id='word_1_53' title='bbox 487 1001 731 1067; x_wconf 86' lang='grc' dir='ltr'><strong><em>κύνεον</em></strong></span> <span class='ocrx_word' id='word_1_54' title='bbox 777 1000 1263 1085; x_wconf 76' lang='grc' dir='ltr'><strong><em>ἀγαπαζόμεναι</em></strong></span> <span class='ocrx_word' id='word_1_55' title='bbox 1307 1004 1604 1085; x_wconf 83' lang='grc' dir='ltr'><strong><em>κεφαλήν</em></strong></span> <span class='ocrx_word' id='word_1_56' title='bbox 1649 1025 1716 1066; x_wconf 90' lang='grc' dir='ltr'><strong><em>τε</em></strong></span> <span class='ocrx_word' id='word_1_57' title='bbox 1762 999 1873 1066; x_wconf 85' lang='grc' dir='ltr'><strong><em>καὶ</em></strong></span> <span class='ocrx_word' id='word_1_58' title='bbox 1919 1002 2153 1084; x_wconf 81' lang='grc' dir='ltr'><strong><em>ὤμους.</em></strong></span> 
     </span>
     <span class='ocr_line' id='line_1_9' title="bbox 331 1103 2012 1191; baseline 0 -20"><span class='ocrx_word' id='word_1_59' title='bbox 331 1107 372 1190; x_wconf 83' lang='grc' dir='ltr'><em>ἡ</em></span> <span class='ocrx_word' id='word_1_60' title='bbox 422 1103 482 1171; x_wconf 88' lang='grc' dir='ltr'><strong><em>δ’</em></strong></span> <span class='ocrx_word' id='word_1_61' title='bbox 530 1113 629 1172; x_wconf 79' lang='grc' dir='ltr'><strong><em>ἴεν</em></strong></span> <span class='ocrx_word' id='word_1_62' title='bbox 677 1106 749 1172; x_wconf 80' lang='grc' dir='ltr'><strong><em>ἐκ</em></strong></span> <span class='ocrx_word' id='word_1_63' title='bbox 792 1108 1126 1190; x_wconf 78' lang='grc' dir='ltr'><strong><em>θαλάμοιο</em></strong></span> <span class='ocrx_word' id='word_1_64' title='bbox 1171 1111 1517 1191; x_wconf 85' lang='grc' dir='ltr'><strong><em>περίφρων</em></strong></span> <span class='ocrx_word' id='word_1_65' title='bbox 1562 1109 2012 1191; x_wconf 85' lang='grc' dir='ltr'><strong><em>Πηνελόπεια,</em></strong></span> 
     </span>
     <span class='ocr_line' id='line_1_10' title="bbox 324 1205 1686 1298; baseline 0.001 -23"><span class='ocrx_word' id='word_1_66' title='bbox 324 1205 655 1297; x_wconf 87' lang='grc' dir='ltr'><strong><em>Ἀρτέμιδι</em></strong></span> <span class='ocrx_word' id='word_1_67' title='bbox 702 1210 882 1295; x_wconf 83' lang='grc' dir='ltr'><strong><em>ἰκέλη</em></strong></span> <span class='ocrx_word' id='word_1_68' title='bbox 930 1208 1006 1296; x_wconf 63' lang='grc' dir='ltr'><strong><em>ἠὲ</em></strong></span> <span class='ocrx_word' id='word_1_69' title='bbox 1050 1221 1260 1297; x_wconf 76' lang='grc' dir='ltr'><strong><em>χρυσῇ</em></strong></span> <span class='ocrx_word' id='word_1_70' title='bbox 1301 1209 1686 1298; x_wconf 81' lang='grc' dir='ltr'><strong><em>Ἀφροδίτῃ,</em></strong></span> 
     </span>
     <span class='ocr_line' id='line_1_11' title="bbox 335 1312 1990 1405; baseline 0.002 -26"><span class='ocrx_word' id='word_1_71' title='bbox 335 1314 507 1398; x_wconf 85' lang='grc' dir='ltr'><strong><em>ἀμφὶ</em></strong></span> <span class='ocrx_word' id='word_1_72' title='bbox 553 1312 626 1379; x_wconf 77' lang='grc' dir='ltr'><strong><em>δὲ</em></strong></span> <span class='ocrx_word' id='word_1_73' title='bbox 671 1315 859 1381; x_wconf 86' lang='grc' dir='ltr'><strong><em>παιδὶ</em></strong></span> <span class='ocrx_word' id='word_1_74' title='bbox 903 1320 1078 1405; x_wconf 73' lang='grc' dir='ltr'><strong><em>φίλω</em></strong></span> <span class='ocrx_word' id='word_1_75' title='bbox 1125 1317 1287 1400; x_wconf 90' lang='grc' dir='ltr'><strong><em>βάλε</em></strong></span> <span class='ocrx_word' id='word_1_76' title='bbox 1333 1319 1529 1401; x_wconf 82' lang='grc' dir='ltr'><strong><em>πήχεε</em></strong></span> <span class='ocrx_word' id='word_1_77' title='bbox 1578 1318 1990 1403; x_wconf 85' lang='grc' dir='ltr'><strong><em>δακρύσασα,</em></strong></span> 
     </span>
     <span class='ocr_line' id='line_1_12' title="bbox 335 1419 2132 1506; baseline -0.001 -20"><span class='ocrx_word' id='word_1_78' title='bbox 335 1422 536 1486; x_wconf 86' lang='grc' dir='ltr'><strong><em>κύσσε</em></strong></span> <span class='ocrx_word' id='word_1_79' title='bbox 583 1419 664 1484; x_wconf 86' lang='grc' dir='ltr'><strong><em>δέ</em></strong></span> <span class='ocrx_word' id='word_1_80' title='bbox 702 1444 818 1504; x_wconf 90' lang='grc' dir='ltr'><strong><em>μιν</em></strong></span> <span class='ocrx_word' id='word_1_81' title='bbox 865 1423 1158 1505; x_wconf 82' lang='grc' dir='ltr'><strong><em>κεφαλήν</em></strong></span> <span class='ocrx_word' id='word_1_82' title='bbox 1204 1444 1272 1485; x_wconf 92' lang='grc' dir='ltr'><strong><em>τε</em></strong></span> <span class='ocrx_word' id='word_1_83' title='bbox 1317 1419 1428 1485; x_wconf 86' lang='grc' dir='ltr'><strong><em>καὶ</em></strong></span> <span class='ocrx_word' id='word_1_84' title='bbox 1474 1423 1673 1504; x_wconf 89' lang='grc' dir='ltr'><strong><em>ἄμφω</em></strong></span> <span class='ocrx_word' id='word_1_85' title='bbox 1718 1422 1890 1506; x_wconf 84' lang='grc' dir='ltr'><strong><em>φάεα</em></strong></span> <span class='ocrx_word' id='word_1_86' title='bbox 1934 1421 2132 1503; x_wconf 90' lang='grc' dir='ltr'><strong><em>καλά,</em></strong></span> 
     </span>
     <span class='ocr_line' id='line_1_13' title="bbox 255 1523 2086 1612; baseline 0.001 -23"><span class='ocrx_word' id='word_1_87' title='bbox 255 1549 309 1589; x_wconf 78' lang='lat'><strong><em>40</em></strong></span> <span class='ocrx_word' id='word_1_88' title='bbox 336 1528 452 1590; x_wconf 90' lang='grc' dir='ltr'><strong><em>καί</em></strong></span> <span class='ocrx_word' id='word_1_89' title='bbox 491 1523 551 1612; x_wconf 78' lang='grc' dir='ltr'><strong><em>ῤ’</em></strong></span> <span class='ocrx_word' id='word_1_90' title='bbox 603 1525 1064 1611; x_wconf 80' lang='grc' dir='ltr'><strong><em>ὀλοφυρομένη</em></strong></span> <span class='ocrx_word' id='word_1_91' title='bbox 1112 1529 1269 1591; x_wconf 84' lang='grc' dir='ltr'><strong><em>ἔπεα</em></strong></span> <span class='ocrx_word' id='word_1_92' title='bbox 1314 1528 1670 1612; x_wconf 88' lang='grc' dir='ltr'><strong><em>πτερόεντα</em></strong></span> <span class='ocrx_word' id='word_1_93' title='bbox 1714 1528 2086 1612; x_wconf 84' lang='grc' dir='ltr'><strong><em>προσηύδα·</em></strong></span> 
     </span>
     <span class='ocr_line' id='line_1_14' title="bbox 427 1626 2350 1717; baseline -0.002 -20"><span class='ocrx_word' id='word_1_94' title='bbox 427 1626 695 1715; x_wconf 81' lang='grc' dir='ltr'><strong><em>,,ἧλθες,</em></strong></span> <span class='ocrx_word' id='word_1_95' title='bbox 750 1630 1106 1716; x_wconf 84' lang='grc' dir='ltr'><strong><em>Τηλέμαχε,</em></strong></span> <span class='ocrx_word' id='word_1_96' title='bbox 1151 1635 1477 1714; x_wconf 91' lang='grc' dir='ltr'><strong><em>γλυκερὸν</em></strong></span> <span class='ocrx_word' id='word_1_97' title='bbox 1522 1632 1709 1717; x_wconf 90' lang='grc' dir='ltr'><strong><em>φάος.</em></strong></span> <span class='ocrx_word' id='word_1_98' title='bbox 1784 1633 1865 1698; x_wconf 82' lang='grc' dir='ltr'><strong><em>οὔ</em></strong></span> <span class='ocrx_word' id='word_1_99' title='bbox 1911 1629 1972 1696; x_wconf 86' lang='grc' dir='ltr'><strong><em>σ’</em></strong></span> <span class='ocrx_word' id='word_1_100' title='bbox 2018 1631 2105 1696; x_wconf 80' lang='grc' dir='ltr'><strong><em>ἔτ’</em></strong></span> <span class='ocrx_word' id='word_1_101' title='bbox 2149 1633 2350 1713; x_wconf 78' lang='grc' dir='ltr'><strong><em>ἔγωγε</em></strong></span> 
     </span>
     <span class='ocr_line' id='line_1_15' title="bbox 337 1731 1931 1825; baseline -0.001 -22"><span class='ocrx_word' id='word_1_102' title='bbox 337 1739 625 1816; x_wconf 80' lang='grc' dir='ltr'><strong><em>ὄψεσθαι</em></strong></span> <span class='ocrx_word' id='word_1_103' title='bbox 672 1735 964 1821; x_wconf 80' lang='grc' dir='ltr'><strong><em>ἐφάμην,</em></strong></span> <span class='ocrx_word' id='word_1_104' title='bbox 1003 1731 1154 1803; x_wconf 71' lang='grc' dir='ltr'><strong><em>’ἐπεὶ</em></strong></span> <span class='ocrx_word' id='word_1_105' title='bbox 1201 1735 1371 1825; x_wconf 71' lang='grc' dir='ltr'><strong><em>ᾤχεο</em></strong></span> <span class='ocrx_word' id='word_1_106' title='bbox 1416 1734 1529 1820; x_wconf 84' lang='grc' dir='ltr'><strong><em>νηὶ</em></strong></span> <span class='ocrx_word' id='word_1_107' title='bbox 1574 1739 1809 1803; x_wconf 90' lang='grc' dir='ltr'><strong><em>Πύλον</em></strong></span> <span class='ocrx_word' id='word_1_108' title='bbox 1856 1735 1931 1802; x_wconf 73' lang='grc' dir='ltr'><strong><em>δὲ</em></strong></span> 
     </span>
     <span class='ocr_line' id='line_1_16' title="bbox 337 1840 2145 1929; baseline -0.001 -22"><span class='ocrx_word' id='word_1_109' title='bbox 337 1844 586 1928; x_wconf 78' lang='grc' dir='ltr'><strong><em>λάθρῃ,</em></strong></span> <span class='ocrx_word' id='word_1_110' title='bbox 635 1841 791 1925; x_wconf 83' lang='grc' dir='ltr'><strong><em>ἐμεῦ</em></strong></span> <span class='ocrx_word' id='word_1_111' title='bbox 837 1840 1092 1926; x_wconf 87' lang='grc' dir='ltr'><strong><em>ἀέκητι,</em></strong></span> <span class='ocrx_word' id='word_1_112' title='bbox 1136 1845 1339 1926; x_wconf 89' lang='grc' dir='ltr'><strong><em>φίλου</em></strong></span> <span class='ocrx_word' id='word_1_113' title='bbox 1387 1844 1546 1928; x_wconf 79' lang='grc' dir='ltr'><strong><em>μετὰ</em></strong></span> <span class='ocrx_word' id='word_1_114' title='bbox 1589 1845 1833 1929; x_wconf 89' lang='grc' dir='ltr'><strong><em>πατρὸς</em></strong></span> <span class='ocrx_word' id='word_1_115' title='bbox 1877 1841 2145 1924; x_wconf 86' lang='grc' dir='ltr'><strong><em>ἀκουήν.</em></strong></span> 
     </span>
     <span class='ocr_line' id='line_1_17' title="bbox 286 1946 2123 2031; baseline -0.002 -18"><span class='ocrx_word' id='word_1_116' title='bbox 286 1976 292 1984; x_wconf 69' lang='grc'><em>’</em></span> <span class='ocrx_word' id='word_1_117' title='bbox 337 1946 480 2013; x_wconf 84' lang='grc' dir='ltr'><strong><em>ἀλλ’</em></strong></span> <span class='ocrx_word' id='word_1_118' title='bbox 525 1950 641 2031; x_wconf 90' lang='grc' dir='ltr'><strong><em>ἄγε</em></strong></span> <span class='ocrx_word' id='word_1_119' title='bbox 687 1971 801 2031; x_wconf 93' lang='grc' dir='ltr'><strong><em>μοι</em></strong></span> <span class='ocrx_word' id='word_1_120' title='bbox 846 1947 1201 2026; x_wconf 84' lang='grc' dir='ltr'><strong><em>κατάλεξον</em></strong></span> <span class='ocrx_word' id='word_1_121' title='bbox 1248 1948 1426 2025; x_wconf 81' lang='grc' dir='ltr'><strong><em>ὅπως</em></strong></span> <span class='ocrx_word' id='word_1_122' title='bbox 1468 1950 1756 2031; x_wconf 79' lang='grc' dir='ltr'><strong><em>ἤντησας</em></strong></span> <span class='ocrx_word' id='word_1_123' title='bbox 1799 1946 2123 2030; x_wconf 81' lang='grc' dir='ltr'><strong><em>ὀπωπῆς.“</em></strong></span> 
     </span>
     <span class='ocr_line' id='line_1_18' title="bbox 258 2056 2189 2147; baseline 0.001 -24"><span class='ocrx_word' id='word_1_124' title='bbox 258 2083 311 2123; x_wconf 81' lang='lat'><strong><em>45</em></strong></span> <span class='ocrx_word' id='word_1_125' title='bbox 427 2063 547 2145; x_wconf 81' lang='grc' dir='ltr'><strong><em>τὴν</em></strong></span> <span class='ocrx_word' id='word_1_126' title='bbox 595 2056 657 2126; x_wconf 87' lang='grc' dir='ltr'><strong><em>δ’</em></strong></span> <span class='ocrx_word' id='word_1_127' title='bbox 700 2056 786 2126; x_wconf 83' lang='grc' dir='ltr'><strong><em>αὖ</em></strong></span> <span class='ocrx_word' id='word_1_128' title='bbox 842 2060 1215 2147; x_wconf 91' lang='grc' dir='ltr'><strong><em>Τηλέμαχος</em></strong></span> <span class='ocrx_word' id='word_1_129' title='bbox 1260 2061 1673 2146; x_wconf 85' lang='grc' dir='ltr'><strong><em>πεπνυμένος</em></strong></span> <span class='ocrx_word' id='word_1_130' title='bbox 1717 2060 1945 2127; x_wconf 83' lang='grc' dir='ltr'><strong><em>ἀντίον</em></strong></span> <span class='ocrx_word' id='word_1_131' title='bbox 1991 2062 2189 2145; x_wconf 77' lang='grc' dir='ltr'><strong><em>ηὔδα·</em></strong></span> 
     </span>
     <span class='ocr_line' id='line_1_19' title="bbox 431 2162 2248 2252; baseline 0.002 -22"><span class='ocrx_word' id='word_1_132' title='bbox 431 2174 675 2251; x_wconf 89' lang='grc' dir='ltr'><strong><em>,,μητερ</em></strong></span> <span class='ocrx_word' id='word_1_133' title='bbox 722 2165 875 2249; x_wconf 81' lang='grc' dir='ltr'><strong><em>ἐμή,</em></strong></span> <span class='ocrx_word' id='word_1_134' title='bbox 921 2168 1010 2249; x_wconf 83' lang='grc' dir='ltr'><strong><em>μή</em></strong></span> <span class='ocrx_word' id='word_1_135' title='bbox 1058 2190 1171 2249; x_wconf 90' lang='grc' dir='ltr'><strong><em>μοι</em></strong></span> <span class='ocrx_word' id='word_1_136' title='bbox 1216 2170 1380 2248; x_wconf 91' lang='grc' dir='ltr'><strong><em>γόον</em></strong></span> <span class='ocrx_word' id='word_1_137' title='bbox 1428 2168 1674 2252; x_wconf 90' lang='grc' dir='ltr'><strong><em>όρνυθι</em></strong></span> <span class='ocrx_word' id='word_1_138' title='bbox 1719 2165 1892 2250; x_wconf 90' lang='grc' dir='ltr'><strong><em>μηδέ</em></strong></span> <span class='ocrx_word' id='word_1_139' title='bbox 1931 2190 2044 2250; x_wconf 93' lang='grc' dir='ltr'><strong><em>μοι</em></strong></span> <span class='ocrx_word' id='word_1_140' title='bbox 2088 2162 2248 2252; x_wconf 83' lang='grc' dir='ltr'><strong><em>ἦτορ</em></strong></span> 
     </span>
     <span class='ocr_line' id='line_1_20' title="bbox 341 2271 2155 2356; baseline 0 -20"><span class='ocrx_word' id='word_1_141' title='bbox 341 2271 413 2336; x_wconf 82' lang='grc' dir='ltr'><strong><em>ἐν</em></strong></span> <span class='ocrx_word' id='word_1_142' title='bbox 461 2272 818 2352; x_wconf 85' lang='grc' dir='ltr'><strong><em>στήθεσσιν</em></strong></span> <span class='ocrx_word' id='word_1_143' title='bbox 865 2273 1046 2353; x_wconf 76' lang='grc' dir='ltr'><strong><em>ὄρινε</em></strong></span> <span class='ocrx_word' id='word_1_144' title='bbox 1093 2274 1387 2353; x_wconf 88' lang='grc' dir='ltr'><strong><em>φυγόντί</em></strong></span> <span class='ocrx_word' id='word_1_145' title='bbox 1424 2292 1545 2356; x_wconf 89' lang='grc' dir='ltr'><strong><em>περ</em></strong></span> <span class='ocrx_word' id='word_1_146' title='bbox 1592 2273 1795 2336; x_wconf 80' lang='grc' dir='ltr'><strong><em>αἰπὺν</em></strong></span> <span class='ocrx_word' id='word_1_147' title='bbox 1843 2274 2155 2355; x_wconf 76' lang='grc' dir='ltr'><strong><em>ὄλεθρον·</em></strong></span> 
     </span>
    </p>
   </div>
   <div class='ocr_carea' id='block_1_3' title="bbox 342 2341 2644 2550">
    <p class='ocr_par' dir='ltr' id='par_1_3' title="bbox 342 2341 2644 2549">
     <span class='ocr_line' id='line_1_21' title="bbox 342 2341 2644 2466; baseline -0.002 -25"><span class='ocrx_word' id='word_1_148' title='bbox 342 2374 483 2442; x_wconf 90' lang='grc' dir='ltr'><strong><em>ἀλλ’</em></strong></span> <span class='ocrx_word' id='word_1_149' title='bbox 527 2373 983 2465; x_wconf 54' lang='grc' dir='ltr'><strong><em>ὑδρηναμένη,</em></strong></span> <span class='ocrx_word' id='word_1_150' title='bbox 1027 2376 1291 2460; x_wconf 78' lang='grc' dir='ltr'><strong><em>καθαρὰ</em></strong></span> <span class='ocrx_word' id='word_1_151' title='bbox 1338 2378 1492 2461; x_wconf 83' lang='grc' dir='ltr'><strong><em>χροῒ</em></strong></span> <span class='ocrx_word' id='word_1_152' title='bbox 1531 2349 1752 2460; x_wconf 82' lang='grc' dir='ltr'><strong><em>ειμάθ’</em></strong></span> <span class='ocrx_word' id='word_1_153' title='bbox 1802 2374 2075 2459; x_wconf 86' lang='grc' dir='ltr'><strong><em>ελοῦσα,</em></strong></span> <span class='ocrx_word' id='word_1_154' title='bbox 2143 2359 2472 2466; x_wconf 50' lang='lat' dir='ltr'><strong><em>wwassmq</em></strong></span> <span class='ocrx_word' id='word_1_155' title='bbox 2471 2341 2644 2420; x_wconf 33' lang='lat' dir='ltr'><strong><em>‘tx-*⁴*</em></strong></span> 
     </span>
     <span class='ocr_line' id='line_1_22' title="bbox 343 2474 1811 2550; baseline -0.001 -16"><span class='ocrx_word' id='word_1_156' title='bbox 343 2477 422 2542; x_wconf 84' lang='grc' dir='ltr'><strong><em>εἰς</em></strong></span> <span class='ocrx_word' id='word_1_157' title='bbox 457 2474 667 2550; x_wconf 79' lang='grc' dir='ltr'><strong><em>ὑπερῷ’</em></strong></span> <span class='ocrx_word' id='word_1_158' title='bbox 705 2478 968 2549; x_wconf 78' lang='grc' dir='ltr'><strong><em>ἀναβᾶσα</em></strong></span> <span class='ocrx_word' id='word_1_159' title='bbox 1007 2478 1109 2531; x_wconf 78' lang='grc' dir='ltr'><strong><em>σὺν</em></strong></span> <span class='ocrx_word' id='word_1_160' title='bbox 1150 2479 1273 2548; x_wconf 85' lang='grc' dir='ltr'><strong><em>ἀμφ</em></strong></span> <span class='ocrx_word' id='word_1_161' title='bbox 1277 2476 1518 2532; x_wconf 86' lang='grc' dir='ltr'><strong><em>ιιπόλοισ</em></strong></span> <span class='ocrx_word' id='word_1_162' title='bbox 1553 2478 1811 2546; x_wconf 77' lang='grc' dir='ltr'><strong><em>γυναιξὶν</em></strong></span> 
     </span>
    </p>
   </div>
   <div class='ocr_carea' id='block_1_4' title="bbox 260 2565 2242 3683">
    <p class='ocr_par' dir='ltr' id='par_1_4' title="bbox 260 2565 2242 3683">
     <span class='ocr_line' id='line_1_23' title="bbox 260 2565 1805 2654; baseline 0.002 -24"><span class='ocrx_word' id='word_1_163' title='bbox 260 2591 315 2631; x_wconf 87' lang='lat'><strong><em>50</em></strong></span> <span class='ocrx_word' id='word_1_164' title='bbox 341 2570 530 2654; x_wconf 78' lang='grc' dir='ltr'><strong><em>εὔχεο</em></strong></span> <span class='ocrx_word' id='word_1_165' title='bbox 575 2577 737 2633; x_wconf 82' lang='grc' dir='ltr'><strong><em>πᾶσι</em></strong></span> <span class='ocrx_word' id='word_1_166' title='bbox 781 2574 1001 2633; x_wconf 86' lang='grc' dir='ltr'><strong><em>θεοῖσι</em></strong></span> <span class='ocrx_word' id='word_1_167' title='bbox 1046 2566 1398 2653; x_wconf 85' lang='grc' dir='ltr'><strong><em>τεληέσσας</em></strong></span> <span class='ocrx_word' id='word_1_168' title='bbox 1444 2565 1805 2652; x_wconf 83' lang='grc' dir='ltr'><strong><em>ἑκατόμβας</em></strong></span> 
     </span>
     <span class='ocr_line' id='line_1_24' title="bbox 343 2672 2061 2764; baseline -0.001 -24"><span class='ocrx_word' id='word_1_169' title='bbox 343 2673 586 2761; x_wconf 80' lang='grc' dir='ltr'><strong><em>ῥέξειν,</em></strong></span> <span class='ocrx_word' id='word_1_170' title='bbox 631 2680 710 2739; x_wconf 79' lang='grc' dir='ltr'><strong><em>αἴ</em></strong></span> <span class='ocrx_word' id='word_1_171' title='bbox 744 2672 824 2739; x_wconf 89' lang='grc' dir='ltr'><strong><em>κέ</em></strong></span> <span class='ocrx_word' id='word_1_172' title='bbox 861 2681 1028 2740; x_wconf 91' lang='grc' dir='ltr'><strong><em>ποθι</em></strong></span> <span class='ocrx_word' id='word_1_173' title='bbox 1077 2677 1246 2751; x_wconf 85' lang='grc' dir='ltr'><strong><em>Ζεὺς</em></strong></span> <span class='ocrx_word' id='word_1_174' title='bbox 1291 2675 1520 2764; x_wconf 68' lang='grc' dir='ltr'><strong><em>ἄντιτα</em></strong></span> <span class='ocrx_word' id='word_1_175' title='bbox 1569 2675 1727 2760; x_wconf 82' lang='grc' dir='ltr'><strong><em>ἔργα</em></strong></span> <span class='ocrx_word' id='word_1_176' title='bbox 1772 2672 2061 2760; x_wconf 80' lang='grc' dir='ltr'><strong><em>τελέσσῃ.</em></strong></span> 
     </span>
     <span class='ocr_line' id='line_1_25' title="bbox 341 2778 2242 2867; baseline 0 -21"><span class='ocrx_word' id='word_1_177' title='bbox 341 2781 548 2862; x_wconf 82' lang='grc' dir='ltr'><strong><em>αὐτὰρ</em></strong></span> <span class='ocrx_word' id='word_1_178' title='bbox 594 2778 766 2863; x_wconf 78' lang='grc' dir='ltr'><strong><em>ἐγὼν</em></strong></span> <span class='ocrx_word' id='word_1_179' title='bbox 812 2778 1062 2867; x_wconf 83' lang='grc' dir='ltr'><strong><em>ἀγορὴν</em></strong></span> <span class='ocrx_word' id='word_1_180' title='bbox 1110 2778 1170 2845; x_wconf 90' lang='grc' dir='ltr'><strong><em>δ’</em></strong></span> <span class='ocrx_word' id='word_1_181' title='bbox 1218 2778 1679 2863; x_wconf 81' lang='grc' dir='ltr'><strong><em>ἐσελεύσομαι,</em></strong></span> <span class='ocrx_word' id='word_1_182' title='bbox 1725 2781 1900 2864; x_wconf 80' lang='grc' dir='ltr'><strong><em>ὄφρα</em></strong></span> <span class='ocrx_word' id='word_1_183' title='bbox 1945 2778 2242 2846; x_wconf 86' lang='grc' dir='ltr'><strong><em>καλέσσω</em></strong></span> 
     </span>
     <span class='ocr_line' id='line_1_26' title="bbox 342 2883 2161 2970; baseline 0 -20"><span class='ocrx_word' id='word_1_184' title='bbox 342 2885 591 2968; x_wconf 78' lang='grc' dir='ltr'><strong><em>ξεῖνον,</em></strong></span> <span class='ocrx_word' id='word_1_185' title='bbox 638 2884 774 2961; x_wconf 83' lang='grc' dir='ltr'><strong><em>ὅτις</em></strong></span> <span class='ocrx_word' id='word_1_186' title='bbox 818 2908 931 2968; x_wconf 91' lang='grc' dir='ltr'><strong><em>μοι</em></strong></span> <span class='ocrx_word' id='word_1_187' title='bbox 975 2890 1202 2951; x_wconf 80' lang='grc' dir='ltr'><strong><em>κεῖθεν</em></strong></span> <span class='ocrx_word' id='word_1_188' title='bbox 1248 2883 1357 2970; x_wconf 82' lang='grc' dir='ltr'><strong><em>ἅμ’</em></strong></span> <span class='ocrx_word' id='word_1_189' title='bbox 1408 2884 1638 2950; x_wconf 78' lang='grc' dir='ltr'><strong><em>ἕσπετο</em></strong></span> <span class='ocrx_word' id='word_1_190' title='bbox 1687 2886 1884 2968; x_wconf 84' lang='grc' dir='ltr'><strong><em>δεῦρο</em></strong></span> <span class='ocrx_word' id='word_1_191' title='bbox 1931 2888 2161 2950; x_wconf 90' lang='grc' dir='ltr'><strong><em>κιόντι.</em></strong></span> 
     </span>
     <span class='ocr_line' id='line_1_27' title="bbox 343 2986 2169 3075; baseline -0.001 -19"><span class='ocrx_word' id='word_1_192' title='bbox 343 2993 460 3056; x_wconf 88' lang='grc' dir='ltr'><strong><em>τὸν</em></strong></span> <span class='ocrx_word' id='word_1_193' title='bbox 504 2986 627 3074; x_wconf 76' lang='grc' dir='ltr'><strong><em>μὲν</em></strong></span> <span class='ocrx_word' id='word_1_194' title='bbox 673 2988 800 3072; x_wconf 81' lang='grc' dir='ltr'><strong><em>ἐγὼ</em></strong></span> <span class='ocrx_word' id='word_1_195' title='bbox 846 2990 1243 3075; x_wconf 76' lang='grc' dir='ltr'><strong><em>προῦπεμψα</em></strong></span> <span class='ocrx_word' id='word_1_196' title='bbox 1291 2992 1417 3054; x_wconf 85' lang='grc' dir='ltr'><strong><em>σὺν</em></strong></span> <span class='ocrx_word' id='word_1_197' title='bbox 1463 2988 1800 3065; x_wconf 83' lang='grc' dir='ltr'><strong><em>ἀντιθέοις</em></strong></span> <span class='ocrx_word' id='word_1_198' title='bbox 1847 2986 2169 3075; x_wconf 79' lang='grc' dir='ltr'><strong><em>ἑτάροισι,</em></strong></span> 
     </span>
     <span class='ocr_line' id='line_1_28' title="bbox 264 3089 2016 3182; baseline 0 -24"><span class='ocrx_word' id='word_1_199' title='bbox 264 3116 316 3158; x_wconf 77' lang='lat'><strong><em>⁶5</em></strong></span> <span class='ocrx_word' id='word_1_200' title='bbox 344 3098 666 3182; x_wconf 75' lang='grc' dir='ltr'><strong><em>Πείραιον</em></strong></span> <span class='ocrx_word' id='word_1_201' title='bbox 713 3092 793 3159; x_wconf 92' lang='grc' dir='ltr'><strong><em>δέ</em></strong></span> <span class='ocrx_word' id='word_1_202' title='bbox 831 3116 947 3176; x_wconf 89' lang='grc' dir='ltr'><strong><em>μιν</em></strong></span> <span class='ocrx_word' id='word_1_203' title='bbox 990 3094 1250 3176; x_wconf 78' lang='grc' dir='ltr'><strong><em>ἠνώγεα</em></strong></span> <span class='ocrx_word' id='word_1_204' title='bbox 1294 3092 1489 3180; x_wconf 84' lang='grc' dir='ltr'><strong><em>προτὶ</em></strong></span> <span class='ocrx_word' id='word_1_205' title='bbox 1536 3089 1723 3159; x_wconf 83' lang='grc' dir='ltr'><strong><em>οἶκον</em></strong></span> <span class='ocrx_word' id='word_1_206' title='bbox 1769 3095 2016 3177; x_wconf 90' lang='grc' dir='ltr'><strong><em>ἄγοντα</em></strong></span> 
     </span>
     <span class='ocr_line' id='line_1_29' title="bbox 347 3195 2092 3284; baseline -0.001 -18"><span class='ocrx_word' id='word_1_207' title='bbox 347 3199 670 3277; x_wconf 82' lang='grc' dir='ltr'><strong><em>ἐνδυκέως</em></strong></span> <span class='ocrx_word' id='word_1_208' title='bbox 713 3196 969 3284; x_wconf 90' lang='grc' dir='ltr'><strong><em>φιλέειν</em></strong></span> <span class='ocrx_word' id='word_1_209' title='bbox 1013 3195 1123 3262; x_wconf 89' lang='grc' dir='ltr'><strong><em>καὶ</em></strong></span> <span class='ocrx_word' id='word_1_210' title='bbox 1169 3196 1420 3283; x_wconf 88' lang='grc' dir='ltr'><strong><em>τιέμεν,</em></strong></span> <span class='ocrx_word' id='word_1_211' title='bbox 1467 3202 1560 3276; x_wconf 88' lang='grc' dir='ltr'><strong><em>εἰς</em></strong></span> <span class='ocrx_word' id='word_1_212' title='bbox 1605 3198 1642 3264; x_wconf 81' lang='grc' dir='ltr'>ὅ</span> <span class='ocrx_word' id='word_1_213' title='bbox 1688 3222 1804 3264; x_wconf 89' lang='grc' dir='ltr'><strong><em>κεν</em></strong></span> <span class='ocrx_word' id='word_1_214' title='bbox 1851 3199 2092 3264; x_wconf 82' lang='grc' dir='ltr'><strong><em>ἔλθω.“</em></strong></span> 
     </span>
     <span class='ocr_line' id='line_1_30' title="bbox 435 3311 2200 3401; baseline 0.001 -23"><span class='ocrx_word' id='word_1_215' title='bbox 435 3315 523 3392; x_wconf 75' lang='grc' dir='ltr'><strong><em>ὣς</em></strong></span> <span class='ocrx_word' id='word_1_216' title='bbox 565 3311 671 3401; x_wconf 87' lang='grc' dir='ltr'><strong><em>ἄρ’</em></strong></span> <span class='ocrx_word' id='word_1_217' title='bbox 716 3313 1087 3399; x_wconf 80' lang='grc' dir='ltr'><strong><em>ἐφώνησεν,</em></strong></span> <span class='ocrx_word' id='word_1_218' title='bbox 1133 3321 1210 3397; x_wconf 77' lang='grc' dir='ltr'><strong><em>τῇ</em></strong></span> <span class='ocrx_word' id='word_1_219' title='bbox 1258 3311 1316 3378; x_wconf 89' lang='grc' dir='ltr'><strong><em>δ’</em></strong></span> <span class='ocrx_word' id='word_1_220' title='bbox 1365 3314 1646 3399; x_wconf 77' lang='grc' dir='ltr'><strong><em>ἄπτερος</em></strong></span> <span class='ocrx_word' id='word_1_221' title='bbox 1692 3315 1920 3378; x_wconf 87' lang='grc' dir='ltr'><strong><em>ἔπλετο</em></strong></span> <span class='ocrx_word' id='word_1_222' title='bbox 1966 3321 2200 3397; x_wconf 84' lang='grc' dir='ltr'><strong><em>μῦθος.</em></strong></span> 
     </span>
     <span class='ocr_line' id='line_1_31' title="bbox 346 3413 2082 3506; baseline 0 -22"><span class='ocrx_word' id='word_1_223' title='bbox 346 3420 387 3502; x_wconf 79' lang='grc' dir='ltr'>ἡ</span> <span class='ocrx_word' id='word_1_224' title='bbox 435 3416 494 3484; x_wconf 89' lang='grc' dir='ltr'><strong><em>δ’</em></strong></span> <span class='ocrx_word' id='word_1_225' title='bbox 540 3419 994 3504; x_wconf 84' lang='grc' dir='ltr'><strong><em>ὑδρηναμένη,</em></strong></span> <span class='ocrx_word' id='word_1_226' title='bbox 1037 3420 1302 3505; x_wconf 84' lang='grc' dir='ltr'><strong><em>καθαρὰ</em></strong></span> <span class='ocrx_word' id='word_1_227' title='bbox 1348 3420 1500 3506; x_wconf 83' lang='grc' dir='ltr'><strong><em>χροῒ</em></strong></span> <span class='ocrx_word' id='word_1_228' title='bbox 1543 3413 1763 3503; x_wconf 80' lang='grc' dir='ltr'><strong><em>εἵμαθ’</em></strong></span> <span class='ocrx_word' id='word_1_229' title='bbox 1810 3416 2082 3503; x_wconf 79' lang='grc' dir='ltr'><strong><em>ἑλοῦσα,</em></strong></span> 
     </span>
     <span class='ocr_line' id='line_1_32' title="bbox 348 3521 1842 3611; baseline 0 -22"><span class='ocrx_word' id='word_1_230' title='bbox 348 3526 573 3609; x_wconf 77' lang='grc' dir='ltr'><strong><em>εὔχετο</em></strong></span> <span class='ocrx_word' id='word_1_231' title='bbox 618 3534 778 3590; x_wconf 80' lang='grc' dir='ltr'><strong><em>πᾶσι</em></strong></span> <span class='ocrx_word' id='word_1_232' title='bbox 822 3532 1043 3591; x_wconf 79' lang='grc' dir='ltr'><strong><em>θεοῖσι</em></strong></span> <span class='ocrx_word' id='word_1_233' title='bbox 1088 3524 1438 3611; x_wconf 88' lang='grc' dir='ltr'><strong><em>τεληέσσας</em></strong></span> <span class='ocrx_word' id='word_1_234' title='bbox 1483 3521 1842 3609; x_wconf 81' lang='grc' dir='ltr'><strong><em>ἑκατόμβας</em></strong></span> 
     </span>
     <span class='ocr_line' id='line_1_33' title="bbox 1867 3629 1940 3683; baseline 0 -21"><span class='ocrx_word' id='word_1_235' title='bbox 1867 3629 1940 3683; x_wconf 71' lang='grc' dir='ltr'><strong><em>ὅ*</em></strong></span> 
     </span>
    </p>
   </div>
  </div>
 </body>
</html>
