2650 3909
1072 274 1103 306 τ
1139 257 1250 323 (19)
1289 255 1508 323 νίπτρα.
2173 252 2298 316 113

172 436 256 476 ιιι
282 417 509 498 χερσίν
555 411 614 478 τ’
659 413 1025 496 ἠσπάζοντο
1073 416 1305 479 ἔπεσσί
1343 437 1412 479 τε
1457 417 1862 499 μειλιχίοισι·

281 520 492 622 μήττιῑρ
538 515 603 584 δ’
647 515 970 603 Ἀμφιθέη
960 513 1614 622 ῃἐγιόητρὸςὶπεριφῦὸ
1659 516 1928 603 Ὀδυσῆι

279 626 451 690 κύσσ
511 626 639 708 ἄρα
683 617 799 708 μιν
844 615 1138 709 κεφαλήν
1183 646 1254 689 τε
1296 623 1409 689 καὶ
1453 626 1650 710 ἄμφω
1694 626 1866 710 φάεα
1911 625 2094 689 καλά.

280 728 663 806 Αὐτόλυκος
707 727 772 795 δ’
816 731 1065 796 υἱοῖσιν
1112 728 1407 796 ἐκέκλετο
1452 732 1877 814 κυδαλίμοισι

283 837 554 900 δεῖπνον
602 835 1018 919 ἐφοπλίσσαι·
1065 833 1167 900 τοὶ
1213 831 1276 899 δ’
1322 835 1720 920 ὀτρύνοντος
1764 836 2091 917 ἄκουσαν,

171 961 255 1000 420
282 940 513 1005 αὐτίκα
560 937 620 1004 δ’
666 940 1021 1022 εἰσάγαγον
1065 943 1236 1022 βοῦν
1281 941 1529 1023 ἄρσενα
1574 939 2043 1026 πενταέτηρον·

280 1046 396 1110 τὸν
444 1044 642 1131 δέρον
687 1044 861 1129 ἀμφί
899 1043 969 1109 θ’
1017 1043 1176 1111 ἕπον
1221 1049 1340 1110 καί
1378 1069 1494 1128 μιν
1542 1044 1846 1131 διέχευαν
1891 1046 2145 1111 ἅπαντα

281 1155 640 1234 μίστυλλόν
686 1147 742 1216 τ’
789 1148 891 1234 ἄρ’
939 1149 1382 1234 ἐπισταμένως
1427 1152 1661 1237 πεῖράν
1707 1149 1765 1216 τ’
1808 1151 2141 1235 ὀβελοῖσιν

282 1245 588 1338 ὤπτησάν
634 1277 702 1320 τε
747 1255 1204 1339 περιφραδέως
1251 1255 1582 1320 δάσσαντό
1628 1278 1696 1320 τε
1741 1259 1991 1339 μοίρας.

282 1359 373 1436 ὣς
416 1362 559 1424 τότε
607 1353 728 1441 μὲν
773 1362 1035 1444 πρόπαν
1081 1355 1256 1445 ἦμαρ
1304 1356 1373 1435 ἐς
1416 1358 1642 1441 ἠέλιον
1685 1361 2059 1424 καταδύντα

172 1485 255 1526 425
283 1461 612 1546 δαίνυντ’,
658 1461 823 1528 οὐδέ
863 1486 925 1526 τι
970 1464 1189 1546 θυμὸς
1233 1461 1496 1528 ἐδεύετο
1545 1464 1767 1539 δαιτὸς
1812 1462 2014 1546 ἐίσης·

279 1564 445 1653 ἦμος
489 1565 551 1633 δ’
595 1566 815 1651 ἠέλιος
858 1565 1098 1632 κατέδυ
1144 1566 1254 1632 καὶ
1302 1565 1410 1632 ε’πὶ
1454 1565 1700 1652 κνέφας
1743 1562 1944 1651 ἦλθε,

281 1675 364 1758 δὴ
410 1677 555 1740 τότε
601 1676 1003 1756 κοιμήσαντο
1048 1670 1159 1737 καὶ
1203 1672 1421 1738 ὕπνου
1469 1674 1689 1756 δῶρον
1737 1672 1980 1737 ἕλοντο.

367 1775 532 1862 ἦμος
577 1775 638 1843 δ’
682 1776 1017 1862 ἠριγένεια
1063 1777 1240 1861 φάνη
1290 1777 1779 1863 ῥοδοδάκτυλος
1819 1772 2017 1861 Ἠώς,

280 1884 407 1967 βάν
454 1881 514 1970 ῤ’
563 1890 709 1967 ἴμεν
755 1882 822 1958 ἐς
866 1884 1119 1968 θήρην,
1164 1878 1331 1966 ἠμὲν
1375 1883 1571 1959 κύνες
1609 1878 1733 1965 ἡδὲ
1779 1880 1889 1948 καὶ
1934 1882 2123 1949 αὐτοὶ

172 2011 256 2052 4⁸0
279 1986 452 2064 υἱέες
495 1987 912 2053 Αὐτολύκου·
960 1987 1119 2070 μετὰ
1165 1997 1337 2068 τοῖσι
1385 1983 1459 2052 δὲ
1507 1989 1648 2063 δῖος
1687 1984 2034 2066 Ὀδυσσεὺς

279 2095 451 2177 ἤιεν·
499 2095 657 2157 αἰπὺ
705 2090 766 2156 δ’
813 2092 968 2178 ὅρος
1011 2090 1345 2176 προσέβαν
1390 2091 1818 2175 καταειμένον
1863 2093 1990 2179 ὕλῃ

283 2203 648 2283 Παρνησοῦ
661 2244 680 2278 ,
724 2197 887 2280 τάχα
931 2193 992 2259 δ’
1038 2197 1272 2261 ἵκανον
1316 2198 1564 2282 πτύχας
1606 2196 2023 2280 ἠνεμοέσσας.

272 2300 533 2376 Ἠέλιος
577 2297 697 2383 μὲν
745 2302 963 2365 ἔπειτα
1007 2298 1164 2383 νέον
1208 2300 1659 2384 προσέβαλλεν
1705 2301 1993 2387 ἀρούρας
2077 2297 2210 2384 N

283 2406 348 2484 ἐξ
397 2405 864 2491 ἀκαλαρρείταο
909 2407 1300 2490 βαθυρρόου
1342 2403 1712 2488 Ὠκεανοῖο,
1865 2413 2033 2475 ΜΨ·
2068 2393 2334 2498 Umq

174 2535 255 2577 43⁶
283 2511 355 2577 οἱ
394 2509 455 2576 δ’
510 2510 576 2587 ές
618 2514 875 2594 βῆσσαν
920 2511 1155 2574 ἵκανον
1202 2508 1578 2600 ἐπακ-τῆρες·
1625 2510 1753 2593 πρὸ
1803 2507 1865 2574 δ’
1915 2508 2019 2597 ἄρ’
2075 2507 2571 2585 αὐτῶνῑψνἉΠΜ

282 2614 436 2703 ἴχνι’
486 2616 883 2703 ἐρευνῶντες
924 2616 1118 2691 κύνες
1161 2616 1361 2698 ἤισαν
1375 2663 1395 2698 ,
1441 2614 1646 2701 αὐτὰρ
1695 2616 1977 2680 ὄπισθεν

278 2720 451 2799 υἱέες
495 2722 914 2788 Αὐτολύκου·
960 2722 1118 2804 μετὰ
1163 2733 1335 2787 τοῖσι
1383 2717 1457 2785 δὲ
1503 2723 1646 2798 δῖος
1682 2715 2035 2799 Ὀδυσσεὺς

278 2829 425 2911 ἤιεν
471 2829 622 2913 ἄγχι
665 2838 921 2911 κυνῶν,
965 2826 1277 2913 κραδάων
1324 2828 1744 2911 δολιχόσκιον
1791 2829 1996 2911 ἔγχος.

282 2933 449 2996 ἔνθα
495 2929 558 2997 δ’
602 2929 707 3018 ἄρ’
738 2930 823 2996 ’έν
869 2935 1077 3017 λόχμῃ
1121 2941 1366 3016 πυκινῇ
1412 2930 1741 2998 κατέκειτο
1786 2931 1989 3015 μέγας
2035 2943 2178 3010 σῦς·

174 3060 256 3100 440
281 3038 402 3120 τὴν
445 3034 566 3121 μὲν
613 3034 718 3120 ἄρ’
760 3034 898 3101 οὔτ’
948 3035 1212 3119 ἀνέμων
1258 3038 1410 3120 διάη
1457 3035 1654 3120 μένος
1698 3037 1908 3122 ὑγρὸν
1953 3035 2204 3102 ἀέντων
2220 3023 2366 3097 Mu»
2386 3025 2549 3110 on'

281 3140 442 3206 οὔτέ
478 3166 593 3225 μιν
634 3140 890 3217 Ἠέλιος
932 3140 1210 3225 φαέθων
1256 3141 1515 3208 ἀκτῖσιν
1563 3145 1840 3226 ἔβαλλεν

280 3244 417 3311 οὔτ’
462 3249 709 3332 ὄμβρος
750 3246 1075 3332 περάασκε
1122 3246 1501 3332 διαμπερές·
1549 3247 1637 3324 ὣς
1681 3249 1809 3334 ἄρα
1853 3248 2069 3331 πυκνὴ

278 3346 431 3435 ἦεν,
474 3350 636 3437 ἀτὰρ
681 3353 957 3436 φύλλων
1004 3348 1195 3434 ἐνέην
1240 3352 1430 3435 χύσις
1472 3354 1679 3434 ἤλιθα
1722 3356 1954 3436 πολλή.

281 3458 398 3521 τὸν
445 3453 507 3520 δ’
545 3456 810 3542 ἀνδρῶν
854 3480 924 3521 τε
959 3467 1182 3521 κυνῶν
1218 3478 1285 3521 τε
1332 3455 1484 3541 περὶ
1519 3459 1763 3536 κτύπος
1797 3455 1966 3543 ἦλθε
2002 3462 2290 3545 ποδοῖιν,

173 3582 254 3625 445
280 3562 370 3637 ὡς
414 3560 763 3644 ἐπάγοντες
806 3560 1079 3648 ἐπῇσαν·
1128 3563 1164 3629 ὁ
1211 3560 1273 3628 δ’
1319 3562 1542 3641 ἀντίος
1588 3564 1658 3631 ἐκ
1704 3565 2042 3650 ξυλόχοιο,

386 3673 682 3726 Ludwioh,
708 3674 843 3717 Hom.
873 3676 1074 3727 odyn-e·
1115 3678 1177 3717 11.
1834 3675 1866 3724 8
