2650 3909
336 214 423 277 52
849 231 892 265 π
929 215 1040 281 (16)
1079 212 1500 281 ἀναγνωρισμὸς
1531 209 1845 275 Ὀδυσσέως.

337 376 505 439 ἔνθα
548 370 844 451 καθέζετ’
887 374 1106 437 ἔπειτα
1144 371 1504 455 Ὀδυσσῆος
1548 377 1740 457 φίλος
1783 374 1946 448 υἱός.

336 490 553 545 τοῖσιν
602 474 676 542 δὲ
721 488 963 563 κρειῶν
1007 482 1287 554 πίνακας
1331 478 1665 563 παρέθηκε
1712 479 2010 563 συβώτης
2103 465 2350 564 Mamm

257 607 311 648 50
339 581 706 670 ὀπταλέων,
752 585 794 648 ἅ
841 585 926 668 ῥα
972 593 1050 669 τῇ
1083 561 1383 671 προτέρῃ
1428 584 1781 671 ὑπέλειπον
1827 586 2119 666 ἔδοντες,

340 700 524 754 σῖτον
571 688 629 753 δ’
678 688 1053 773 ἐσσυμένως
1096 692 1503 790 παρεΞ-ῄνεεν
1550 688 1622 755 ἐν
1667 687 2034 772 κανέοισιν,
2076 682 2305 793 λων)
2352 696 2452 780 να),

339 793 412 859 ἐν
459 793 519 860 δ’
567 796 694 880 ἄρα
738 781 1061 880 κισσυβίῳ
1106 798 1300 879 κίρνη
1348 793 1657 878 μελιηδέα
1703 789 1917 859 οἶνον·

339 899 535 975 αὐτὸς
580 897 638 964 δ’
685 898 918 964 ἀντίον
966 890 1099 977 ἷζεν
1140 896 1500 983 Ὀδυσσῆος
1543 903 1780 965 θείοιο.

339 1004 410 1068 οἰ
451 1001 509 1068 δ’
558 1000 656 1068 ἐπ’
702 1002 958 1068 ὀνείαθ’
1002 1001 1228 1088 ἑτοῖμα
1273 1009 1671 1090 προκείμενα
1715 1016 1937 1090 χεῖρας
1982 1009 2230 1070 ἴαλλον.

260 1133 311 1173 55
340 1109 544 1191 αὐτὰρ
591 1106 731 1173 ἐπεὶ
774 1111 1007 1185 πόσιος
1051 1107 1162 1173 καὶ
1209 1108 1485 1191 ἐδητύος
1530 1109 1595 1187 ἐξ
1645 1112 1800 1193 ἔρον
1847 1109 2026 1192 ἕντο,

340 1213 423 1296 δὴ
468 1216 613 1277 τότε
669 1213 1043 1299 Τηλέμαχος
1086 1218 1508 1300 προσεφώνεε
1556 1216 1706 1281 δῖον
1752 1216 2079 1300 ὑφορβόν·

430 1320 653 1403 ,,ἀττα,
698 1322 913 1412 πόθεν
957 1342 1060 1384 τοι
1107 1319 1319 1398 ξεῖνος
1363 1318 1465 1386 ὅδ’
1508 1322 1712 1399 &mm
1761 1330 1898 1397 πῶς
1934 1318 2015 1386 δέ
2056 1318 2089 1384 ἕ
2122 1330 2355 1385 ναῦται

338 1426 591 1507 ἤγαγον
637 1427 730 1501 εἰς
768 1422 1067 1509 Ἰθάκην;
1117 1429 1290 1502 τίνες
1338 1428 1609 1510 ἔμμεναι
1657 1426 2082 1511 εὐχετόωντο;

342 1529 422 1594 οὐ
468 1526 590 1614 μὲν
633 1532 759 1616 γάρ
805 1536 875 1596 τί
914 1530 949 1595 ἕ
991 1534 1187 1610 πεζὸν
1234 1532 1460 1615 ὀίομαι
1507 1529 1739 1596 ἐνθάδ’
1790 1531 2112 1596 ίκέσθαι.“

262 1660 317 1700 60
430 1637 548 1701 τὸν
594 1632 654 1700 δ’
701 1636 1227 1720 ἀπαμειβόμενος
1271 1636 1638 1722 προσέφης,
1683 1638 1935 1720 Εὔμαιε
1981 1640 2268 1719 συβῶτα·

435 1738 579 1821 ,,τοὶ
625 1742 751 1824 γὰρ
800 1740 926 1822 ἐγώ
971 1764 1111 1822 τοι,
1157 1739 1425 1823 τέκνον,
1470 1739 1722 1823 ἀληθέα
1766 1737 1955 1804 πάντ’
2001 1739 2357 1825 ἀγορεύσω.

344 1842 414 1907 ἐκ
460 1840 582 1927 μὲν
628 1845 956 1941 Κρητάων
1001 1842 1194 1926 γένος
1237 1845 1496 1927 εὔχεται
1541 1844 1893 1928 εὐρειάων,
2095 1829 2268 1905 Osa-12

341 1946 505 2031 φησὶ
552 1943 626 2012 δὲ
672 1949 889 2012 πολλὰ
935 1952 1196 2034 βροτῶν
1242 1946 1350 2011 ἐπὶ
1395 1949 1592 2011 ἄστεα
1639 1948 1998 2031 δινηθῆναι

343 2054 765 2135 πλαζόμενος·
814 2052 901 2127 ὣς
946 2051 1072 2136 γάρ
1120 2052 1192 2117 οἰ
1235 2049 1607 2117 ἐπέκλωσεν
1651 2053 1729 2117 τά
1774 2076 1847 2136 γε
1895 2054 2167 2137 δαίμων.

264 2182 317 2222 65
342 2166 472 2221 νῦν
516 2151 601 2221 αὖ
650 2159 1066 2241 Θεσπρωτῶν
1114 2155 1384 2241 ἀνδρῶν
1427 2158 1602 2243 παρὰ
1647 2160 1807 2242 νηὸς
1850 2157 2143 2243 ἀποδρὰς

344 2258 542 2343 ἤλυθ’
589 2261 750 2346 ἐμὸν
796 2264 964 2347 πρὸς
1009 2266 1345 2348 σταθμόν,
1392 2261 1518 2345 ἐγὼ
1567 2261 1648 2328 δέ
1685 2288 1787 2329 τοι
1834 2239 2410 2361 ἐγγαυαλίξωλκωεὶ
2454 2269 2606 2328 5³³1(

346 2366 537 2454 ἕρξον
584 2368 760 2445 ὅπως
807 2365 1089 2445 ἐθέλεις·
1139 2366 1354 2453 ἱκέτης
1398 2368 1478 2434 δέ
1517 2393 1620 2435 τοι
1665 2371 1922 2455 εὔχεται
1967 2365 2200 2435 εἶναι.“

435 2477 553 2539 τὸν
601 2472 660 2539 δ’
707 2468 793 2538 αὖ
848 2472 1224 2559 Τηλέμαχος
1267 2474 1681 2558 πεπνυμένος
1724 2474 1956 2540 ἀντίον
1999 2476 2199 2557 ηὔδα·

438 2575 754 2663 ,,Εὔμαι’,
800 2574 842 2662 ἦ
895 2580 1069 2662 μάλα
1113 2589 1309 2645 τοῦτο
1359 2582 1512 2656 ἔπος
1554 2575 1893 2663 θυμαλγὲς
1929 2582 2160 2654 ἔειπες·

272 2709 324 2748 το
349 2694 486 2758 πῶς
530 2683 656 2766 γὰρ
705 2684 786 2763 δὴ
833 2684 949 2746 τὸν
996 2681 1216 2759 ξεῖνον
1263 2680 1438 2764 ἐγὼν
1480 2681 1880 2766 ὑποδέξομαι
1927 2688 2114 2769 οἴκφς

350 2787 548 2861 αὐτὸς
592 2780 713 2868 μὲν
757 2783 907 2859 νέος
952 2783 1086 2868 εἰμὶ
1129 2784 1239 2851 καὶ
1286 2787 1369 2851 οὔ
1414 2807 1515 2850 πω
1562 2784 1748 2871 χερσὶ
1793 2785 2086 2851 πέποιθα

352 2887 540 2974 ἄνδρ’
583 2888 1089 2972 ἀπαμύνασθαι,
1135 2890 1241 2954 ὅτε
1288 2914 1387 2966 τις
1431 2894 1747 2977 πρότερος
1791 2893 2150 2975 χαλεπήνῃ·

352 2994 547 3082 μητρὶ
594 2991 655 3059 δ’
699 2992 818 3079 ἐμῇ
865 2994 1020 3079 δίχα
1065 2998 1282 3079 θυμὸς
1329 2994 1429 3062 ε’νὶ
1476 2998 1672 3082 φρεσὶ
1719 3000 2124 3083 μερμηρίζει,

352 3101 393 3184 ἢ
441 3101 646 3166 αὐτοῦ
690 3097 843 3185 παρ’
886 3099 1038 3184 ἐμοί
1074 3124 1144 3165 τε
1191 3099 1358 3187 μένῃ
1403 3100 1511 3167 καὶ
1560 3104 1745 3186 δῶμα
1789 3105 2050 3197 κομίζῃ,
2200 3098 2350 3204 Μ

273 3229 327 3269 '15
354 3207 557 3290 εὐνήν
602 3203 656 3269 τ’
702 3205 1019 3290 αἰδομένη
1069 3208 1589 3294 πόσιοςὶδήμοιό
1632 3230 1701 3273 τε
1748 3217 1991 3292 φῆμιν,

354 3308 394 3394 ἧ
441 3312 569 3394 ἤδη
618 3309 728 3395 ἅμ’
770 3311 998 3395 ἕπηται
1040 3309 1317 3396 Ἀχαιῶν
1365 3312 1437 3388 ὅς
1481 3336 1577 3389 τις
1621 3314 1884 3397 ἄριστος

356 3425 594 3500 μνᾶται
643 3414 743 3479 ἐνὶ
788 3418 1175 3501 μεγάροισιν
1221 3416 1390 3503 ἀνὴρ
1436 3414 1547 3481 καὶ
1590 3422 1862 3482 πλεῖστα
1906 3419 2208 3503 πόρῃσιν.

356 3518 499 3586 ἀλλ’
541 3522 687 3603 ἤτοι
735 3521 852 3586 τὸν
900 3519 1150 3604 ξεῖνον,
1198 3519 1337 3585 ἐπεὶ
1382 3523 1534 3586 τεὸν
1578 3522 1752 3587 ἵκετο
1800 3523 2019 3607 δῶμα,
