2650 3909
401 240 528 304 156
1051 259 1084 309 1
1122 242 1235 310 (22)
1271 239 1747 309 μνηστηροφονία.

15 408 156 469 AX*
181 395 304 511 (ιμ’
395 401 641 465 τύπτον
688 399 1205 493 ἐπιστροφάδην·
1250 410 1385 465 τῶν
1431 396 1505 464 δὲ
1551 402 1785 474 στόνος
1830 394 2065 483 ὤρνυτ’
2113 395 2334 480 ἀεικὴς

396 505 655 588 κράτων
701 504 1157 589 τυπτομένων,
1203 505 1494 570 δάπεδον
1541 503 1601 569 δ’
1645 506 1819 569 ἅπαν
1866 504 2087 586 αἵματι
2130 508 2280 565 θῦε.

290 629 369 669 310
487 611 787 694 Λειώδης
831 606 892 674 δ’
942 605 1254 693 Ὀδυσῆος
1298 609 1737 692 ἐπεσσύμενος
1783 608 1941 690 λάβε
1988 607 2253 689 γούνων

396 718 514 779 καί
551 739 666 799 μιν
713 718 1103 799 λισσόμενος
1147 717 1302 780 ἔπεα
1349 717 1703 796 πτερόεντα
1747 713 2119 798 προσηύδα·
2626 714 2648 801 J

487 824 908 904 ,,γουνοῦμαί
930 818 1020 903 σ’,
1040 817 1345 885 Ὀδυσεῦ·
1375 821 1458 883 σὺ
1491 816 1571 883 δέ
1592 816 1658 902 μ’
1682 819 1866 882 αἴδεο
1886 821 2001 881 καί
2023 814 2090 899 μ’
2113 813 2411 897 ἐλέησον·

398 925 479 991 οὐ
524 927 649 1012 γάρ
695 926 796 990 πώ
842 926 991 989 τινά
1035 949 1204 1009 φημι
1250 935 1586 1007 γυναικῶν
1634 922 1708 988 έν
1753 925 2140 1007 μεγάροισιν
2646 916 2647 929 ἦ

398 1033 606 1096 εἰπεῖν
653 1028 817 1095 οὐδέ
856 1054 919 1094 τι
967 1029 1149 1115 ῥέξαι
1195 1029 1601 1094 ἀτάσθαλον·
1651 1028 1817 1093 ἀλλὰ
1862 1026 1973 1093 καὶ
2018 1029 2259 1102 ἄλλους

293 1154 372 1195 315
399 1137 735 1200 παύεσκον
779 1144 1183 1221 μνηστῆρας,
1229 1135 1367 1211 ὅτις
1408 1134 1681 1200 τοιαῦτά
1727 1157 1801 1217 γε
1848 1132 2039 1219 ῥέζοι.

401 1239 567 1304 ἀλλά
612 1264 724 1324 μοι
772 1240 853 1305 οὐ
898 1245 1216 1306 πείθοντο
1263 1252 1484 1305 κακῶν
1529 1243 1656 1307 ἄπο
1702 1251 1922 1326 χεῖρας
1966 1242 2263 1325 ἔχεσθαι·

398 1347 491 1410 τὼ
535 1344 645 1411 καὶ
692 1345 1173 1432 ἀτασθαλίῃσιν
1219 1345 1440 1412 ἀεικέα
1483 1350 1738 1430 πότμον
1785 1344 2089 1411 ἐπέσπον.

401 1450 607 1537 αὐτὰρ
656 1450 783 1534 ἐγὼ
829 1453 989 1536 μετὰ
1034 1464 1206 1518 τοῖσι
1251 1455 1585 1528 θυοσκόος
1632 1449 1832 1516 οὐδὲν
1880 1450 2125 1533 ἐοργὼς

401 1560 724 1641 κείσομαι·
773 1558 862 1634 ὣς
905 1558 1030 1624 οὐκ
1075 1561 1212 1623 ἔστι
1257 1558 1444 1643 χάρις
1489 1553 1833 1641 μετόπισθ’
1880 1554 2267 1639 εὐεργέων.“

295 1682 374 1720 320
491 1665 607 1728 τὸν
637 1661 696 1727 δ’
725 1661 829 1748 ἄρ’
854 1664 1116 1748 ὑπόδρα
1145 1664 1311 1728 ἰδὼν
1339 1660 1636 1747 προσέφη
1658 1663 2019 1744 πολύμητις
2040 1658 2414 1735 Ὀδυσσεύς·

492 1770 599 1851 ,,εἰ
640 1764 761 1851 μὲν
807 1769 891 1851 δὴ
937 1769 1096 1851 μετὰ
1142 1779 1312 1832 τοῖσι
1358 1769 1690 1841 θυοσκόος
1735 1766 1954 1850 εὔχεαι
2001 1759 2201 1844 εἶναι,

400 1873 678 1938 πολλάκι
724 1893 854 1935 που
901 1869 1155 1954 μέλλεις
1201 1869 1522 1953 ἀρήμεναι
1569 1868 1642 1934 έν
1687 1868 2030 1953 μεγάροισι

9 2010 12 2019 >
402 1981 606 2060 τηλοῦ
652 1974 797 2058 ἐμοὶ
843 1978 1109 2039 νόστοιο
1156 1972 1340 2050 τέλος
1384 1978 1732 2058 γλυκεροῖο
1779 1970 2122 2055 γενέσθαι,

97 2086 264 2199 Μ
403 2079 508 2145 σοὶ
556 2078 617 2143 δ’
661 2081 905 2169 ἄλοχόν
951 2102 1021 2143 τε
1065 2082 1269 2163 φίλην
1316 2077 1603 2144 σπέσθαι
1648 2075 1759 2143 καὶ
1806 2075 1999 2141 τέκνα
2044 2073 2377 2140 τεκέσθαι·

296 2203 374 2243 325
401 2186 490 2249 τὼ
538 2184 660 2249 οὐκ
704 2183 790 2248 ἂν
831 2183 1130 2249 θάνατόν
1177 2207 1251 2266 γε
1297 2182 1664 2268 δυσηλεγέα
1708 2180 2244 2268 προφύγοισθα.“

490 2289 578 2366 ὣς
622 2291 751 2374 ἄρα
794 2291 1108 2374 φωνήσας
1152 2287 1341 2375 ξίφος
1387 2290 1592 2355 εἵλετο
1640 2286 1810 2373 χειρὶ
1853 2291 2087 2372 παχείῃ

401 2397 739 2478 κείμενον,
784 2394 820 2459 ὅ
867 2393 929 2479 ῤ’
975 2392 1281 2478 Ἀγέλαος
1326 2394 1735 2479 ἀποπροέηκε
1781 2396 2019 2478 χαμᾶζε

400 2504 844 2584 κτεινόμενος·
891 2507 980 2587 τῷ
1029 2502 1144 2593 τόν
1191 2522 1266 2582 γε
1311 2494 1451 2564 κατ’
1495 2497 1741 2584 αὐχένα
1785 2495 2031 2581 μέσσον
2078 2500 2326 2561 ἔλασσε.

402 2604 871 2690 φθεγγομένου
919 2602 980 2669 δ’
1025 2592 1152 2688 ἄρα
1195 2614 1317 2669 τοῦ
1363 2627 1437 2686 γε
1481 2604 1647 2689 κάρη
1694 2605 1997 2687 κονίῃσιν
2045 2601 2301 2686 ἐμίχθη.

295 2731 374 2770 333
498 2710 865 2796 Τερπιάδης
910 2708 970 2774 δ’
1012 2706 1112 2805 ἔτί
1148 2708 1375 2807 ἀοιδὸς
1418 2707 1746 2808 ἀλΤύσκ-ανε
1792 2715 1960 2790 κῆρα
2005 2706 2355 2790 μέλαιναν,
2383 2678 2562 2777 Qum)

405 2818 694 2898 Φήμιος,
739 2813 812 2889 ὅς
856 2810 919 2899 ῥ’
961 2815 1141 2896 ἤειδε
1186 2804 1351 2896 mibi
1390 2806 1799 2896 μνηστῆρσιν
1844 2809 2113 2898 ἀνάγκῃ.

402 2922 554 3003 ἔστη
604 2917 662 2983 δ’
710 2918 783 2984 έν
828 2920 1157 3003 χείρεσσιν
1203 2919 1373 3002 ἔχων
1418 2919 1757 3002 φόρμιγγα
1802 2919 2056 2999 λίγειαν

404 3027 556 3110 ἄγχι
601 3018 755 3108 παρ’
800 3023 1213 3109 ὀρσοθύρην·
1261 3024 1414 3108 δίχα
1462 3019 1536 3087 δὲ
1580 3020 1777 3106 φρεσὶ
1822 3023 2243 3106 μερμήριζεν,

406 3131 443 3215 ἢ
491 3129 687 3207 ἐκδὺς
731 3131 1042 3214 μεγάροιο
1089 3130 1257 3205 Διὸς
1301 3129 1592 3212 μεγάλου
1636 3125 1788 3192 ποτὶ
1832 3129 2060 3210 βωμὸν

294 3257 373 3297 335
403 3233 660 3321 ἑρκείου
706 3236 905 3313 ἵζοιτο
953 3232 1384 3318 τετυγμένον,
1431 3230 1576 3298 ἔνθ’
1627 3234 1755 3317 ἄρα
1800 3232 2011 3296 πολλὰ

399 3339 698 3425 Λαέρτης
735 3337 1044 3416 Ὀδυσεύς
1087 3361 1156 3404 τε
1203 3343 1385 3422 βοῶν
1432 3335 1537 3403 ἐπὶ
1583 3332 1764 3420 μηρί’
1809 3338 2044 3418 ἔκηαν,

398 3441 441 3529 ἦ
489 3446 754 3528 γούνων
800 3449 1093 3511 λίσσοιτο
1138 3443 1495 3530 προσαΐξας
1533 3439 1835 3524 Ὀδυσῆα.

401 3543 529 3613 ὧδε
578 3548 656 3613 δέ
697 3550 767 3614 οἰ
806 3549 1160 3634 φρονέοντι
1206 3550 1534 3614 δοάσσατο
1581 3545 1847 3632 κέρδιον
1894 3542 2100 3632 εἶναι,
