2650 3909
361 241 448 304 60
871 261 914 294 π
951 245 1063 310 (16)
1100 240 1522 311 ἀναγνωρισμὸς
1551 237 1868 301 Ὀδυσσέως.

361 403 523 467 ἄλλο
571 400 651 465 δέ
690 425 794 466 τοι
839 401 1035 485 ἐρέω,
1082 405 1165 466 σὺ
1213 399 1273 466 δ’
1321 400 1423 466 ἐνὶ
1468 399 1666 485 φρεσὶ
1710 400 1950 483 βάλλεο
1997 408 2218 484 σῇσιν·

255 528 335 566 300
362 508 424 570 εἰ
467 504 650 571 ἐτεόν
695 505 757 589 γ’
803 506 955 591 ἐμός
1001 506 1146 571 ἐσσι
1189 505 1301 572 καὶ
1348 507 1618 591 αἵματος
1661 504 2038 590 ἡμετέροιο,

360 612 449 693 μή
494 634 593 687 τις
637 610 833 676 ἔπειτ’
879 610 1198 695 Ὀδυσῆος
1243 611 1585 676 ἀκουσάτω
1633 612 1830 675 ἔνδον
1878 608 2118 686 ἐόντος.

360 713 505 798 μήτ’
553 711 679 781 οὖν
724 715 1024 800 Λαέρτης
1072 723 1228 780 ἴστω
1272 719 1350 780 τό
1395 738 1469 798 γε
1515 717 1673 798 μήτε
1721 715 2020 797 συβώτης

341 818 527 904 ’μήτέ
562 843 662 896 τις
707 823 954 904 οἰκήων
999 817 1148 905 μήτ’
1193 821 1356 903 αὐτὴ
1404 823 1854 903 Πηνελόπεια,

364 920 509 988 ἀλλ’
554 920 684 989 οἷοι
732 926 816 989 σύ
861 923 915 988 τ’
964 924 1091 1007 ἐγώ
1139 948 1208 989 τε
1253 936 1589 1007 γυναικῶν
1636 925 1939 1008 γνώομεν
1986 924 2165 1015 ἰν-θ-ύν.
2222 908 2390 989 W

256 1051 334 1090 305
362 1032 478 1093 καί
514 1027 593 1093 κε’
632 1052 740 1105 τεο
787 1030 1030 1112 δμώων
1077 1028 1345 1112 ἀνδρῶν
1391 1031 1486 1093 ἔτι
1529 1035 1988 1115 πειρηθεῖμεν,

362 1130 529 1218 ἠμὲν
574 1133 611 1196 ὅ
663 1158 745 1199 ου
790 1157 889 1210 τις
932 1145 1058 1198 νῶι
1104 1141 1225 1199 τίει
1271 1132 1382 1199 καὶ
1429 1136 1634 1199 δείδιε
1678 1140 1909 1222 θυμῷ,

362 1236 467 1321 ἠδ’
515 1238 652 1315 ὅτις
698 1238 819 1303 οὐκ
865 1237 1115 1322 ἀλέγει,
1163 1236 1236 1303 σε
1282 1235 1342 1302 δ’
1388 1238 1585 1326 ἀτιμᾷ
1629 1250 1813 1304 τοῖον
1861 1238 2113 1304 ἐόντα.“

456 1344 574 1408 τὸν
623 1339 682 1406 δ’
729 1341 1253 1427 ἀπαμειβόμενος
1296 1345 1716 1427 προσεφώνεε
1763 1345 2076 1427 φαίδιμος
2117 1343 2286 1418 υἱός·

457 1442 551 1530 ,,ὦ
598 1447 831 1532 πάτερ,
876 1450 1023 1531 ἤτοι
1071 1448 1230 1532 ἐμὸν
1275 1451 1501 1533 θυμὸν
1547 1447 1657 1513 καὶ
1702 1448 1922 1513 ἔπειτά
1967 1445 2058 1530 γ’,
2105 1448 2255 1529 ὀίω,

259 1576 337 1614 3ιο
364 1554 675 1636 γνώσεαι·
732 1553 814 1617 οὐ
860 1550 982 1637 μὲν
1028 1554 1154 1639 γάρ
1210 1578 1272 1618 τι
1317 1554 1802 1637 χαλιφροσύναι
1856 1553 1938 1635 γε’
1977 1551 2043 1637 μ’
2087 1555 2376 1636 ἔχουσιν·

365 1654 508 1722 ἀλλ’
558 1659 638 1722 οὔ
684 1681 785 1723 τοι
830 1660 983 1723 τόδε
1028 1656 1261 1738 κέρδος
1307 1656 1478 1739 ἐγὼν
1526 1660 1838 1722 ἔσσεσθαι
1885 1657 2002 1721 ὀίω

362 1762 522 1846 ἡμῖν
568 1760 1028 1848 ἀμφοτέροισι·
1077 1758 1150 1825 σὲ
1196 1758 1271 1824 δὲ
1317 1760 1687 1844 φράζεσθαι
1733 1762 1972 1841 ἄνωγα.

365 1867 544 1949 δηθά
589 1868 716 1949 γὰρ
764 1865 979 1938 αὕτως
1024 1871 1169 1949 εἴση
1218 1861 1496 1928 ἑκάστου
1542 1866 1959 1948 πειρητίζων,

366 1972 525 2054 ἔργα
570 1972 1066 2053 μετερχόμενος·
1111 1967 1215 2034 τοὶ
1264 1967 1320 2033 δ’
1372 1968 1444 2033 ἐν
1489 1967 1873 2052 μεγάροισιν
1920 1967 2139 2050 ἕκηλοι

260 2096 338 2137 315
364 2075 660 2158 χρήματα
706 2072 1198 2157 δαρδάπτουσιν
1245 2073 1596 2157 ὑπέρβιον,
1643 2070 1784 2137 οὐδ’
1831 2075 1936 2137 ἔπι
1982 2074 2210 2157 φειδώ.

366 2175 507 2243 ἀλλ’
549 2179 704 2260 ἥτοί
744 2195 815 2243 σε
862 2189 1179 2260 γυναῖκας
1225 2178 1353 2261 ἐγὼ
1403 2179 1771 2270 δεδάασθαι
1816 2180 2039 2261 ἄνωγα
2050 2227 2069 2261 ,
2121 2145 2356 2247 ρων*
2407 2202 2528 2242 ην

366 2285 440 2348 αἵ
479 2281 553 2348 τέ
594 2280 654 2347 σ’
701 2282 1085 2367 ἀτιμάζουσι
1128 2282 1240 2349 καὶ
1287 2287 1363 2352 αἳ
1401 2281 1730 2367 νηλίιιδές
1774 2287 1971 2348 εἰσιν·
2115 2264 2450 2410 OYWBAQQ

367 2388 633 2475 ἀνδρῶν
679 2386 737 2452 δ’
785 2389 907 2455 οὐκ
953 2386 1037 2454 ἂν
1084 2391 1287 2473 ἔγωγε
1334 2390 1497 2454 κατὰ
1544 2392 1882 2473 σταθμοὺς
1928 2389 2225 2474 ἐθέλοιμι

365 2492 567 2578 ἡμέας
610 2495 971 2580 πειράζειν,
1018 2492 1161 2559 ἀλλ’
1203 2495 1446 2577 ὕστερα
1491 2504 1694 2559 ταῦτα
1739 2493 2089 2577 πένεσθαι,

259 2623 340 2661 320
368 2601 430 2662 εἰ
473 2598 655 2663 ἐτεόν
701 2596 782 2679 γε’
820 2621 882 2662 τι
930 2594 1130 2687 οἶσθα
1177 2600 1344 2672 Διὸς
1388 2597 1578 2683 τέρας
1621 2598 2006 2681 αἰγιόχοιο.“
2159 2604 2368 2657 umvw

455 2703 546 2779 ὣς
591 2702 662 2766 οἰ
699 2698 821 2784 μὲν
866 2711 1136 2765 τοιαῦτα
1180 2704 1344 2784 πρὸς
1389 2700 1716 2783 ἀλλήλους
1760 2701 2109 2782 ἀγόρευον·

364 2809 405 2890 ἡ
454 2803 514 2870 δ’
559 2802 665 2891 ἄρ’
709 2800 900 2869 ἔπειτ’
943 2801 1210 2888 Ἰθάκην
1257 2801 1332 2869 δὲ
1376 2807 1690 2886 κατήγετο
1735 2814 1900 2887 νηῦς
1944 2804 2244 2887 εὐεργής,

365 2911 406 2994 ἣ
454 2908 614 2996 φέρε
669 2909 1050 2994 Τηλέμαχον
1095 2914 1417 2975 Πυλόθεν
1460 2911 1571 2974 καὶ
1616 2909 1862 2985 πάντας
1908 2906 2221 2994 ἑταίρους.

368 3018 439 3083 οἰ
480 3013 540 3081 δ’
589 3015 695 3081 ὅτε
747 3016 827 3098 δὴ
875 3013 1140 3099 λιμένος
1183 3013 1636 3097 πολυβενθέος
1682 3014 1865 3092 ἐντὸς
1910 3016 2164 3097 ἵκοντο,

260 3143 339 3184 325
365 3131 494 3207 νῆα
540 3118 663 3206 μὲν
709 3121 781 3185 οἵ
820 3143 895 3203 γε
941 3118 1259 3204 μέλαιναν
1305 3118 1405 3185 ἐπ’
1450 3120 1747 3207 ἠπείροιο
1795 3123 2112 3206 ἔρυσσαν,

28 3256 313 3333 ,μωμη
366 3229 597 3396 τέύξεα
642 3224 723 3395 ιέέ
753 3223 1273 3395 ἕφὶζῗπέῖεικαν
1297 3225 1697 3353 ’ὑπέρθυμοι
1712 3225 2173 3394 λῗὲράὲτὲντες,

367 3355 490 3397 αυτ
515 3355 599 3396 κα
787 3354 819 3406 ς
966 3353 1048 3395 υτ
1075 3354 1178 3396 οιο
1223 3354 1432 3417 φερον
1477 3352 1709 3411 περικα
1825 3353 1866 3393 α
2010 3354 2109 3415 ρα.

367 3436 574 3521 αὐτὰρ
619 3437 872 3520 κήρυκα
916 3439 1207 3519 πρόεσαν
1253 3438 1463 3520 δόμον
1510 3437 1604 3511 εἰς
1640 3432 1990 3518 Ὀδυσῆος,

368 3541 679 3624 ἀγγελίην
725 3537 992 3625 ἐρέοντα
1036 3543 1394 3625 περίφρονι
1438 3543 1886 3627 Πηνελοπείῃ,
