2650 3909
355 210 489 272 114
1137 228 1173 263 τ
1208 212 1320 279 (19)
1363 213 1584 279 νίπτρα.

20 352 260 437 m&
350 368 589 468 φρίξας
632 364 709 434 εὖ
755 372 1032 454 λοφιήν,
1077 378 1210 456 πῦρ
1258 367 1321 434 δ’
1365 369 1773 454 ὀφθαλμοῖσι
1820 372 2184 454 δεδορκώς,

353 484 471 558 στῆ
510 472 571 561 ῤ’
614 474 833 540 αὐτῶν
872 477 1216 560 σχεδόθεν.
1291 475 1327 541 ὁ
1368 471 1427 538 δ’
1466 476 1593 561 ἄρα
1630 476 1992 560 πρώτιστος
2020 474 2375 552 Ὀδυσσεὺς

352 576 569 644 ἔσσυτ’
616 577 1066 665 ἀνασχόμενος
1113 582 1385 666 δολιχὸν
1432 582 1598 664 δόρυ
1643 578 1814 667 χειρὶ
1857 585 2125 667 παχείῃ,

352 684 706 767 οὐτάμεναι
749 687 1040 769 μεμαώς·
1094 685 1130 752 ὁ
1179 683 1258 750 δέ
1298 709 1414 770 μιν
1456 684 1804 769 φθάμενος
1850 688 2082 752 ἔλασεν
2130 696 2249 762 σῦς

244 810 326 862 450
352 793 596 871 γουνὸς
637 789 837 875 ὕπερ,
880 791 1136 854 πολλὸν
1183 785 1257 854 δὲ
1304 790 1587 885 διήφυσε
1635 791 1876 875 σαρκὸς
1921 789 2144 855 ὀδόντι
2186 781 2389 874 ‘GMw-b

43 892 641 995 Μὼανιγὸλιζῳιφὶς
686 893 900 980 ἀίξας,
948 893 1029 958 οὐ
1076 890 1134 957 δ’
1184 893 1416 971 ὀστέον
1460 895 1634 959 ἵκετο
1680 898 1916 978 φωτός.

350 1001 468 1064 τὸν
514 996 576 1063 δ’
620 996 938 1075 Ὀδυσεὺς
984 998 1220 1081 οὔτησε
1266 1000 1485 1083 τυχὼν
1529 999 1693 1065 κατὰ
1740 997 1959 1076 δεξιὸν
2006 995 2220 1084 ὦμον,

351 1104 625 1190 ἀντικρὺ
672 1099 747 1167 δὲ
793 1105 1034 1187 διῆλθε
1080 1113 1366 1188 φαεινοῦ
1413 1104 1655 1199 δουρὸς
1700 1102 1946 1187 ἀκωκή·

350 1210 478 1289 κὰδ
525 1205 585 1272 δ’
630 1204 803 1275 ἔπεσ’
853 1205 925 1271 ἐν
971 1210 1235 1293 κονίῃσι
1280 1209 1532 1295 μακών,
1578 1205 1707 1272 ἀπὸ
1755 1204 1816 1271 δ’
1856 1209 2088 1274 ἔπτατο
2134 1215 2371 1294 θυμός.

29 1272 225 1391 Qua)
244 1335 324 1377 455
351 1317 468 1404 ‘c‘bv
513 1310 635 1397 μὲν
679 1309 784 1400 ἄρ’
840 1312 1235 1378 Αὐτολύκου
1280 1308 1512 1389 παῖδες
1554 1316 1743 1396 φίλοι
1788 1311 2275 1399 ἀμφεπένοντο,

354 1419 630 1502 ὠτειλὴν
677 1415 738 1484 δ’
785 1416 1102 1502 Ὀδυσῆος
1146 1417 1487 1502 ἀμύμονος
1531 1416 1867 1483 ἀντιθέοιο

352 1525 565 1608 δῆσαν
612 1523 1083 1623 ἐπισταμένως,
1130 1522 1406 1613 ἐπαοιδῇ
1455 1520 1516 1588 δ’
1562 1515 1721 1606 αἷμα
1766 1496 2356 1611 κελαινὸνωηζυλ
2397 1532 2549 1639 ίὶιιπ..)ι

353 1632 665 1715 ἔσχεθον,
710 1626 874 1707 αἶψα
921 1627 980 1695 δ’
1026 1631 1249 1694 ’ἵκοντο
1297 1632 1498 1713 φίλου
1543 1631 1707 1711 πρὸς
1754 1630 2021 1711 δώματα
2065 1634 2325 1714 πατρός.

352 1736 470 1801 τὸν
515 1730 638 1817 μὲν
683 1731 788 1820 ἄρ’
842 1734 1227 1810 Αὐτόλυκός
1271 1756 1340 1797 τε
1386 1731 1498 1797 καὶ
1540 1732 1714 1809 υἱέες
1756 1734 2169 1801 Αὐτολύκοιο

248 1864 329 1904 460
353 1834 429 1905 εὖ
478 1839 821 1923 ἰησάμενοι
865 1836 970 1922 ἠδ’
1023 1837 1234 1920 ἀγλαὰ
1281 1839 1465 1923 δῶρα
1510 1841 1826 1922 πορόντες

352 1946 775 2032 καρπαλίμως
817 1947 1132 2027 χαίροντα
1179 1946 1384 2033 φίλην
1432 1941 1497 2018 ἐς
1541 1941 1799 2026 πατρίδ’
1848 1945 2168 2029 ἔπεμπον,

353 2053 447 2126 εἰς
481 2048 772 2131 Ἰθάκην.
861 2056 951 2136 τῷ
998 2046 1120 2132 μέν
1169 2048 1253 2134 ῥα
1297 2048 1513 2134 πατὴρ
1561 2044 1671 2112 καὶ
1716 2051 1952 2114 πότνια
1999 2052 2207 2135 μήτηρ

353 2165 587 2241 χαῖρον
630 2155 1027 2236 νοστήσαντι
1071 2151 1183 2217 καὶ
1230 2150 1598 2238 ἐξερέεινον
1643 2151 1909 2236 ἕκαστα,
2150 2232 2160 2241 .

17 2230 96 2357 ἑκ
122 2226 315 2375 [ἦῆ
353 2260 561 2343 οὐλὴν
607 2259 745 2325 ὅττι
790 2259 1025 2347 πάθοι·
1075 2259 1111 2325 ὁ
1164 2255 1224 2323 δ’
1270 2258 1399 2343 ἄρά
1447 2274 1677 2344 σφισιν
1723 2253 1801 2324 εὖ
1845 2257 2183 2338 κατέλεξεν

246 2392 327 2432 465
354 2368 451 2443 ὥς.
487 2390 602 2451 μιν
647 2361 1000 2451 θηρεύοντ’
1047 2366 1281 2429 ἔλασεν
1328 2374 1451 2441 σῦς
1497 2369 1710 2452 λευκῷ
1758 2364 1985 2430 ὀδόντι

353 2474 716 2559 Παρνησὸν
762 2468 823 2536 δ’
870 2470 1156 2536 ἐλθόντα
1203 2474 1331 2535 σὺν
1375 2470 1603 2535 υἱάσιν
1649 2469 2082 2535 Αὐτολύκοιο.

440 2579 563 2661 τὴν
609 2574 817 2659 γρηῢς
859 2579 1145 2660 χείρεσσι
1191 2572 1677 2655 καταπρηνέσσι
1725 2578 2020 2656 λαβοῦσα
2156 2574 2173 2620 2
2213 2563 2317 2665 hm·
2356 2592 2421 2665 ‘¹³

354 2692 489 2765 γνῶ
538 2677 600 2764 ῤ’
644 2677 1164 2762 ἐπιμασσαμένη,
1208 2678 1385 2741 πόδα
1432 2675 1507 2740 δὲ
1551 2674 1828 2759 προέηκε
1875 2675 2224 2760 φέρεσθαι·

353 2785 427 2850 ἐν
474 2781 548 2848 δὲ
594 2781 817 2866 λέβητι
865 2780 1019 2846 πέσε
1065 2784 1314 2865 κνήμη,
1359 2779 1686 2864 κανάχησε
1734 2776 1807 2844 δὲ
1853 2783 2119 2865 χαλκός,
2313 2829 2316 2832 -

244 2916 326 2956 470
353 2889 446 2966 ἂψ
493 2886 553 2954 δ’
599 2884 863 2972 ἑτέρωσ’
906 2884 1167 2970 ἐκλίθη·
1214 2887 1289 2951 τὸ
1329 2882 1388 2949 δ’
1437 2883 1540 2953 ε’πὶ
1578 2887 1830 2970 χθονὸς
1868 2884 2121 2970 ἐξέχυθ’
2168 2887 2371 2972 ὕδωρ.

352 2996 474 3079 τὴν
520 2990 579 3058 δ’
626 2993 758 3076 ἅμα
802 2991 1019 3078 χάρμα
1064 2989 1173 3056 καὶ
1210 2992 1412 3074 ἄλγος
1448 2989 1552 3056 ἕλε
1590 2988 1829 3076 φρένα,
1875 2992 1964 3057 τὼ
2005 2990 2085 3056 δέ
2117 2994 2188 3057 οἰ
2219 2993 2372 3057 ὄσσε

201 3094 220 3105 ’
355 3102 685 3186 δακρυόφι
728 3102 1061 3182 πλῆσθεν,
1103 3097 1359 3183 θαλερὴ
1408 3095 1488 3162 δέ
1529 3098 1600 3163 οἰ
1641 3099 1864 3183 ἔσχετο
1910 3100 2119 3182 φωνή.

355 3204 654 3289 ἁψαμένη
702 3199 775 3270 δὲ
820 3207 1084 3287 γενείου
1125 3201 1454 3287 Ὀδυσσῆα
1497 3201 1912 3289 προσέειπεν·

445 3306 529 3395 ,,ἦ
574 3308 722 3394 μάλ’
770 3306 1127 3386 Ὀδυσσεύς
1164 3308 1329 3394 ἐσσι,
1373 3312 1575 3394 φίλον
1610 3307 1820 3384 τέκος·
1868 3307 2032 3374 οὐδέ
2063 3306 2123 3374 σ’
2170 3311 2371 3393 ἔγωγε

243 3439 327 3480 475
354 3415 513 3503 πρὶν
558 3418 795 3500 ἔγνων,
839 3415 1001 3503 πρὶν
1046 3415 1259 3481 πάντα
1305 3407 1530 3480 ἄνακτ’
1575 3412 1735 3498 ἐμὸν
1782 3412 2329 3500 ἀμφαφάασθαι.“

440 3515 483 3604 ἦ
529 3518 639 3585 καὶ
686 3523 1146 3604 Πηνελόπειαν
1192 3520 1544 3607 ἐσέδρακεν
1597 3519 2037 3603 ὀφθαλμοῖσι,
