2650 3909
360 220 486 285 122
807 244 842 275 υ
877 224 991 292 (20)
1024 223 1095 277 τὰ
1131 223 1240 293 πρὸ
1275 231 1375 292 τῆς
1409 226 1914 294 μνηστηροφονίας.

357 382 563 467 αὐτὰρ
611 380 757 465 ἐμοὶ
801 380 911 447 καὶ
957 382 1239 469 ὀνείρατ’
1285 379 1636 450 ἐπέσσευεν
1681 386 1848 462 κακὰ
1896 387 2172 470 δαίμων.

113 466 311 596 m
354 488 510 571 τῇδε
539 488 684 571 ἡγάρ
731 482 816 552 αὖ
861 511 975 571 μοι
1017 487 1210 554 νυκτὶ
1253 487 1676 576 παρέδραθεν
1721 468 1970 567 εἷκελος
2014 490 2226 578 αὐτῷ,
2259 545 2270 552 .
2343 527 2346 530 -

356 602 535 667 τοῖος
580 591 742 675 ἐών,
788 583 927 669 οἷος
969 586 1090 678 ᾖεν
1136 595 1277 678 ἄμαἶ
1315 581 1597 682 σ’ἶρατῷ·
1647 595 1852 680 αὐτὰρ
1901 595 2059 679 ἐμὸν
2103 605 2226 681 κῆρ

276 719 329 758 90
356 695 560 782 χαῖρ’,
607 696 748 763 ἐπεὶ
783 697 906 763 οὐκ
944 697 1203 782 ἐφάμην
1239 702 1405 785 ὄναρ
1444 702 1739 784 ἔμμεναι,
1782 698 1922 766 ἀλλ’
1968 701 2144 785 ὕπαρ
2180 700 2371 784 ῆδη.“

445 802 534 879 ὣς
578 800 792 887 ἔφατ’,
837 802 1070 867 αὐτίκα
1115 800 1191 867 δὲ
1233 789 1695 889 χρυσόθρονος
1739 806 1995 888 ήλυθεν
2034 801 2220 881 Ἠώς.

356 915 472 990 τῆς
516 904 578 971 δ’
625 908 753 991 ἄρα
797 908 1153 991 κλαιούσης
1199 910 1327 973 ὄπα
1374 910 1661 974 σύνθετο
1710 911 1853 985 δῖος
1890 907 2265 986 Ὀδυσσεύς·

356 1010 708 1095 μερμήριξε
755 1008 818 1075 δ’
862 1013 1113 1094 ἔπειτα,
1159 1015 1398 1096 δόκησε
1445 1011 1527 1078 δέ
1566 1014 1639 1079 οἱ
1676 1015 1838 1079 κατὰ
1882 1015 2109 1098 θυμὸν

354 1117 482 1199 ἤδη
529 1117 949 1198 γινώσκουσα
994 1118 1480 1203 παρεστάμεναι
1523 1124 1874 1203 κεφαλῆφι.

275 1241 329 1281 95
355 1225 635 1305 χλαῖναν
680 1217 803 1304 μὲν
850 1223 1151 1288 συνελὼν
1195 1221 1305 1288 καὶ
1350 1225 1553 1306 κώεα,
1597 1236 1812 1291 τοῖσιν
1860 1224 2163 1309 ἐνεῦδεν,

357 1325 423 1402 ἐς
466 1324 758 1410 μέγαρον
802 1325 1167 1410 κατέθηκεν
1215 1324 1320 1392 ἐπὶ
1366 1317 1668 1413 θρόνου,
1704 1329 1776 1395 ἐκ
1821 1327 1896 1394 δὲ
1941 1333 2170 1414 βοείην

354 1438 522 1514 θῆκε
566 1432 810 1517 θύραζε
857 1430 1106 1516 φέρων,
1152 1431 1271 1498 Διὶ
1317 1430 1379 1498 δ’
1426 1433 1654 1512 εὔξατο
1702 1446 1923 1519 χεῖρας
1966 1435 2299 1520 ἀνασχών·

64 1552 191 1664 &js-x
445 1540 624 1619 ,,Ζεῦ
641 1536 869 1619 πάτερ,
896 1544 966 1601 εἴ
983 1535 1048 1621 μ’
1080 1518 1547 1626 ἐθέλοντεςῖξπὶ
1572 1542 1908 1632 τραφερήν
1935 1563 2003 1605 τε
2031 1538 2143 1605 καὶ
2160 1518 2400 1641 ὑγρὴῦ]

57 1648 61 1652 ’
353 1639 530 1728 ἤγετ’
575 1640 739 1726 ἐμὴν
789 1642 853 1718 ἐς
897 1654 1094 1726 γαῖαν
1106 1691 1133 1730 ,ἣ
1173 1641 1319 1708 ἐπεί
1357 1641 1424 1727 μ’
1468 1642 1831 1708 ἐκακώσατε
1877 1647 2061 1727 λίην,

252 1768 328 1807 ιοο
354 1748 582 1830 φήμην
627 1750 725 1824 τίς
769 1772 882 1831 μοι
927 1748 1170 1832 φάσθω
1219 1747 1656 1834 ἐγειρομένων
1702 1747 2081 1833 ἀνθρώπων
2184 1757 2450 1816 &wudu

355 1852 672 1935 ἔνδοθεν,
723 1854 1041 1917 ἔκτοσθεν
1089 1849 1162 1916 δὲ
1208 1835 1607 1936 Διὸςντέρας
1651 1853 1813 1918 ἄλλο
1857 1852 2192 1936 φανήτω.“

443 1956 532 2033 ὣς
575 1954 757 2041 ἔφατ’
806 1957 1183 2041 εὐχόμενος·
1230 1965 1351 2022 τοῦ
1400 1953 1473 2020 δὲ
1515 1957 1671 2021 κλύε
1718 1961 1983 2041 μητίετα
2031 1957 2229 2040 Ζεύς,

354 2062 587 2127 αὐτίκα
632 2058 709 2126 δὲ
752 2063 1118 2145 βρόντησεν
1163 2057 1270 2124 ἀπ’
1319 2061 1701 2143 αἰγλήεντος
1739 2058 2099 2143 Ὀλύμπου,

353 2168 616 2244 ὑψόθεν
661 2164 733 2230 ἐκ
777 2163 1064 2248 νεφέων·
1111 2165 1367 2247 γήθησε
1414 2160 1489 2227 δὲ
1535 2164 1679 2239 δῖος
1717 2157 2082 2241 Ὀδυσσεύς.

248 2292 326 2333 105
354 2273 581 2356 φήμην
630 2267 691 2335 δ’
738 2268 804 2348 ἐξ
852 2276 1061 2334 οἴκοιο
1107 2271 1278 2353 γυνὴ
1324 2267 1647 2355 προέηκεν
1694 2267 1948 2362 ἀλετρὶς
2055 2251 2314 2441 §w

353 2381 666 2461 πλησίον,
712 2371 858 2441 ἔνθ’
903 2377 1032 2462 ἄρα
1078 2376 1149 2442 οἱ
1188 2377 1391 2460 μύλαι
1438 2376 1613 2440 εἵατο
1659 2373 1923 2460 ποιμένι
1968 2380 2051 2440 λα
2106 2401 2180 2459 ν,

357 2491 548 2566 τῇσιν
597 2482 854 2545 δώδεκα
898 2466 1115 2546 πᾶσαί
1149 2480 1558 2579 ἐπερρῴοντο
1605 2492 1911 2562 γυναῖκες
2000 2471 2243 2543 στεναὶ

354 2587 595 2670 ἄλφιτα
641 2586 990 2668 τεύχουσαι
1035 2575 1488 2666 καὶαλείατα,
1533 2586 1781 2667 μυελὸν
1829 2583 2114 2670 ἀνδρῶν.
2153 2576 2372 2646 urb-⁴5

355 2690 431 2753 αἰ
469 2686 591 2772 μὲν
637 2686 740 2772 ἄρ’
785 2689 979 2752 ἄλλαι
1025 2663 1445 2768 εὗδον,“ἐπεὶ
1489 2687 1653 2751 κατὰ
1697 2689 1913 2771 πυρὸν
1957 2682 2527 2798 ἄλεσσανῆἥτνιᾋῖ)

251 2818 326 2856 ιιο
352 2792 393 2876 ἡ
443 2790 516 2865 δὲ
560 2789 655 2875 μί’
703 2791 784 2855 οὔ
829 2811 930 2854 πω
975 2787 1230 2872 παύετ’,
1275 2788 1699 2886 ἀφαυροτάτη
1747 2785 1822 2854 δὲ
1866 2789 2158 2857 τέτυκτο·
2181 2793 2452 2849 mama

351 2898 393 2980 ή
442 2895 528 2981 ῥα
571 2896 788 2979 μύλην
836 2895 1126 2977 στήσασα
1172 2897 1329 2972 ἔπος
1373 2895 1574 2979 φάτο,
1622 2902 1795 2984 σῆμα
1841 2896 2099 2961 ἄνακτι·

442 2996 623 3086 ,’,Ζεῢ
659 3000 883 3084 πάτερ,
930 2999 1002 3077 ὅς
1036 3022 1105 3065 τε
1140 3006 1361 3066 θεοῖσι
1398 2997 1502 3064 καὶ
1545 2999 2004 3084 ἀνθρώποισιν
2041 2999 2371 3088 ἀνάσσεις,

351 3103 392 3191 ἦ
440 3102 679 3191 μεγάλ’
712 3106 1110 3191 ἐβρόντησας
1155 3101 1265 3170 ἀπ’
1311 3104 1605 3189 οὐρανοῦ
1652 3104 2104 3190 ἀστερόεντος,

353 3210 517 3277 οὐδέ
555 3218 722 3278 ποθι
766 3209 971 3294 νέφος
1016 3210 1179 3276 ἐστί·
1227 3209 1416 3295 τέρας
1459 3211 1545 3275 νύ
1589 3233 1715 3298 τεῳ
1759 3212 1911 3275 τόδε
1959 3213 2236 3294 φαίνεις.

249 3338 327 3379 115
355 3325 604 3399 κρῆνον
648 3326 777 3382 νῦν
822 3314 930 3381 καὶ
978 3313 1123 3399 ἐμοὶ
1171 3316 1358 3400 δειλῇ
1403 3317 1587 3398 ἔπος,
1633 3315 1779 3379 ὅττί
1816 3338 1931 3380 κεν
1977 3321 2166 3381 εἴπω·

353 3431 719 3505 μνηστῆρες
763 3423 1063 3505 πύματόν
1107 3444 1176 3487 τε
1222 3420 1333 3486 καὶ
1376 3420 1661 3486 ὕστατον
1706 3421 1903 3503 ἤματι
1948 3423 2116 3507 τῷδε

356 3525 429 3589 ἐν
475 3525 784 3610 μεγάροις
821 3523 1137 3608 Ὀδυσῆος
1183 3523 1441 3590 ἑλοίατο
1489 3521 1655 3589 δαῖτ’
1704 3523 2077 3612 ἐρατεινήν,
