2650 3909
287 181 372 245 92
768 197 801 234 σ
837 182 948 250 (18)
982 177 1285 243 Ὀδυσσέως
1320 180 1419 235 καὶ
1446 178 1595 252 Ἴρου
1630 180 1835 252 πυγμή.

285 341 656 431 ἀμβροσίῳ,
704 345 823 432 οἵω
868 365 991 430 περ
1040 343 1438 429 ἐυστέφανος
1483 344 1818 430 Κυθέρεια

285 451 567 532 χρίεται,
613 444 773 513 εὖτ’·’
794 448 877 514 ἂν
927 456 992 535 ἴῃ
1040 453 1344 535 Χαρίτων
1390 452 1591 535 χορὸν
1640 452 2008 535 ἱμερόεντα·

182 571 259 611 195
284 557 403 617 καί
442 577 556 637 μιν
603 553 1014 639 μακροτέρην
1060 553 1169 620 καὶ
1213 556 1515 621 πάσσονα
1558 562 1768 640 θῆκεν
1816 553 2112 637 ἰδέσθαι,

285 658 680 745 λευκοτέρην
728 654 791 723 δ’
833 661 961 745 ἄρα
1006 684 1121 743 μιν
1165 667 1333 744 θῆκε
1378 671 1658 746 πριστοῦ
1706 659 2073 745 ἐλέφαντος.

283 764 323 846 ἡ
372 762 495 849 μὲν
540 764 644 850 ἄρ’
693 765 780 841 ὣς
825 763 1040 850 ἕρξασ’
1087 766 1447 849 ἀπεβήσετο
1495 767 1605 831 δϊα
1651 767 1902 831 θεάων·

283 865 500 952 ἦλθον
550 868 613 935 δ’
655 871 1017 955 ἀμφίπολοι
1065 872 1460 937 λευκώλενοι
1507 871 1578 936 ἐκ
1623 872 1935 955 μεγάροιο

27 977 564 1069 ψῂθόγγφ
613 974 1056 1061 ἐπερχόμεναι.
1147 977 1269 1059 τὴν
1315 971 1390 1041 δὲ
1437 980 1684 1060 γλυκὺς
1727 976 1937 1052 ὕπνος
1981 974 2212 1060 ἀνῆκε,

28 1074 59 1081 ”
179 1099 257 1138 200
284 1085 401 1145 καί
441 1078 503 1165 ῤ’
545 1079 957 1164 ἀπομόρξατο
1003 1079 1188 1166 χερσὶ
1233 1083 1504 1166 παρειὰς
1549 1079 1858 1166 φώνησέν
1904 1100 2000 1144 τε·

373 1182 456 1269 ,,ἦ
504 1209 584 1271 με
631 1184 781 1269 μάλ’
827 1188 1163 1271 αἰνοπαθῆ
1211 1189 1506 1271 μαλακὸν
1551 1185 1701 1273 περὶ
1746 1182 1909 1286 κῶμ’
1956 1186 2299 1265 ἐκάλυψεν.
2321 1168 2506 1290 Q

284 1291 443 1357 αἴθέ
482 1316 595 1377 μοι
643 1291 730 1368 ὣς
775 1295 1070 1375 μαλακὸν
1115 1292 1413 1358 θάνατον
1457 1296 1653 1379 πόροι
1680 1291 1985 1379 ’Ἄρτεμις
2030 1291 2197 1376 ἁγνὴ

174 1463 191 1496 s
285 1397 518 1462 αὐτίκα
563 1407 722 1480 νῦν,
767 1399 880 1462 ινα
924 1394 1142 1481 μηκέτ’
1189 1396 1563 1483 ὀδυρομένη
1611 1400 1772 1463 κατα
1818 1400 2042 1481 θυμὸν

134 1485 265 1617 (ἣν
285 1505 492 1568 αἰῶνα
537 1504 893 1587 φθινύθω,
937 1506 1168 1579 πόσιος
1211 1501 1552 1568 ποθέουσα
1599 1507 1820 1587 φίλοιο

179 1626 257 1665 205
283 1613 603 1690 παντοίην
651 1608 921 1693 ἀρετήν,
967 1606 1105 1671 ἐπεὶ
1152 1606 1373 1692 ἔξοχος
1416 1602 1535 1689 ἦεν
1573 1604 1913 1691 Ἀχαιῶν.“

375 1713 462 1790 ὣς
507 1712 764 1797 φαμένη
812 1711 1138 1795 κατέβαιν’
1183 1711 1477 1796 ὑπερώια
1523 1715 1944 1794 σιγαλόεντα,

2248 543 2260 580 Ι

285 1819 406 1883 οὐκ
452 1825 586 1901 οἴη·
634 1820 766 1901 ἅμα
811 1826 888 1901 τῇ
935 1840 1009 1899 γε
1054 1815 1163 1880 καὶ
1210 1816 1575 1898 ἀμφίπολοι
1623 1814 1727 1879 δύ’
1778 1815 2030 1881 ἕποντο.

282 1923 322 2006 ἡ
371 1922 430 1987 δ’
485 1924 589 1987 ὅτε
637 1924 718 2005 δὴ
766 1929 1141 2005 μνηστῆρας
1187 1919 1458 2003 ἀφίκετο
1506 1921 1618 1984 δῖα
1662 1933 2032 2005 γυναικῶν,

285 2037 401 2110 στῆ
451 2028 534 2112 ῥα
579 2028 755 2112 παρὰ
803 2028 1100 2108 σταθμὸν
1145 2023 1366 2108 τέγεος
1409 2026 1584 2090 πύκα
1629 2038 1926 2109 ποιητοῖο

177 2149 256 2187 210
283 2135 448 2210 ἄντα
492 2132 827 2218 παρειάων
874 2129 1159 2216 σχομένη
1208 2133 1449 2216 λιπαρὰ
1492 2133 1855 2216 κρήδεμνα·

282 2237 653 2322 ἀμφίπολος
699 2234 758 2302 δ’
805 2238 932 2323 άρα
977 2238 1048 2302 οἱ
1087 2238 1287 2320 κεδνὴ
1337 2234 1648 2323 ἑκάτερθε
1692 2237 1996 2323 παρέστη.

282 2355 413 2408 τῶν
444 2342 503 2408 δ’
534 2343 739 2409 αὐτοῦ
768 2343 926 2409 λύτο
955 2343 1119 2426 γούν
1123 2337 1220 2407 ατ’
1231 2345 1414 2431 ,ἔρῳ
1454 2340 1514 2408 δ’
1545 2345 1673 2430 ἄρα
1700 2347 1923 2428 θυμὸν
1952 2347 2298 2429 ἔθελχθεν,

281 2449 518 2525 πάντες
564 2443 626 2512 δ’
668 2450 999 2535 ἠρήσαντο
1046 2446 1247 2531 παραὶ
1293 2447 1585 2533 λεχέεσσι
1630 2454 1961 2533 κλιθῆναι.

280 2552 320 2635 ἡ
370 2552 429 2618 δ’
477 2549 561 2618 αὗ
618 2552 997 2637 Τηλέμαχον
1042 2554 1536 2635 προσεφώνεεν,
1583 2553 1663 2618 ὃν
1710 2558 1909 2636 φίλον
1953 2556 2131 2618 υἱόν·

175 2673 252 2712 215
372 2655 775 2741 ,,Τηλέμαχ’,
831 2655 1049 2722 οὐκέτι
1095 2678 1197 2720 τοι
1241 2654 1480 2740 φρένες
1533 2657 1802 2738 ἔμπεδοι
1850 2654 2007 2722 οὐδὲ
2054 2662 2293 2741 νόημα·

279 2772 432 2837 παῖς
476 2759 562 2825 ἔτ’
612 2759 740 2825 ἐὼν
784 2759 894 2825 καὶ
940 2765 1193 2842 μᾶλλον
1240 2759 1341 2824 ἐνὶ
1385 2758 1581 2846 φρεσὶ
1627 2760 1838 2846 κέρδε’
1883 2761 2150 2845 ε’νώμας.

279 2876 407 2931 νῦν
453 2862 546 2948 δ’,
593 2864 697 2929 ὅτε
746 2865 829 2947 δὴ
876 2863 1076 2949 μέγας
1113 2863 1254 2930 ἐσσὶ
1298 2863 1410 2929 καὶ
1453 2866 1620 2949 ἥβης
1665 2865 1904 2951 μέτρον
1953 2868 2226 2952 ἱκάνεις,

280 2974 396 3035 καί
433 2968 548 3035 κέν
593 2993 690 3046 τις
735 2974 897 3054 φαίη
945 2973 1150 3052 γόνον
1197 2972 1472 3055 ἔμμεναι
1519 2971 1750 3054 ὀλβίου
1798 2971 2041 3056 ἀνδρὸς

280 3076 347 3153 ἐς
391 3075 672 3160 μέγεθος
715 3073 827 3140 καὶ
871 3076 1110 3151 κάλλος
1156 3075 1521 3160 ὁρώμενος,
1569 3076 1911 3163 ἀλλότριος
1955 3078 2125 3161 φώς,

173 3198 251 3238 220
281 3180 498 3245 οὐκέτι
543 3204 646 3247 τοι
692 3180 929 3264 φρένες
973 3178 1144 3246 εἰσὶν
1191 3180 1519 3265 ἐναίσιμοι
1564 3179 1723 3247 οὐδὲ
1765 3185 1998 3265 νόημα.

280 3276 427 3349 οἷον
473 3285 556 3367 δὴ
603 3286 755 3350 τόδε
802 3288 1001 3370 ἔργον
1048 3284 1148 3350 ἐνὶ
1193 3286 1580 3371 μεγάροισιν
1628 3286 1906 3371 ἐτύχθη,

279 3388 352 3465 ὃς
396 3389 514 3452 τὸν
560 3387 778 3466 ξεῖνον
827 3391 1020 3465 ἔασας
1064 3389 1566 3473 ἀεικισθήμεναι
1611 3390 1803 3454 οὕτω.

277 3502 414 3569 πῶς
459 3500 617 3575 νῦν,
665 3499 732 3556 εἰ
767 3515 829 3556 τι
876 3492 1088 3571 ξεῖνος
1133 3494 1208 3560 ἐν
1251 3493 1626 3580 ἡμετέροισι
1671 3496 1979 3579 δόμοισιν
