2650 3909
712 247 745 280 ν
782 228 896 297 (13)
928 222 1231 289 Ὀδυσσέως
1267 208 1478 294 ἄφιξιςο
1495 226 1574 290 εἰς
1603 225 1854 296 Ἰθάκην.
2246 227 2287 290 9

278 386 360 451 οὐ
408 382 482 450 δὲ
528 390 680 469 λίην
725 389 974 476 λυπρή,
1020 386 1183 469 ἀτὰρ
1231 385 1378 452 οὐδ’
1424 388 1646 472 εὐρεῖα
1691 385 2006 452 τέτυκται.
2123 394 2328 471 Μῦν-χ

278 491 351 556 ἐν
396 487 517 574 μὲν
564 492 690 574 γάρ
738 494 809 557 οἰ
849 504 1028 568 σῑτος
1071 489 1477 576 ἀθέσφατος,
1517 493 1589 557 ἐν
1637 491 1715 556 δέ
1755 515 1824 557 τε
1871 488 2050 568 οἶνος

172 616 250 658 246
278 599 553 678 γίνεται·
602 595 731 660 αἰεὶ
778 593 838 660 δ’
886 599 1134 681 ὄμβρος
1180 601 1310 682 ἔχει
1357 597 1675 667 τεθαλυῖά
1720 595 1791 661 θ’
1838 594 2045 682 ἐέρση.

277 703 608 785 αἰγίβοτος
654 698 715 766 δ’
767 701 987 785 ἀγαθὴ
1035 701 1142 767 καὶ
1191 704 1539 786 βούβοτος·
1591 705 1727 767 ἔστι
1774 699 1896 785 μὲν
1940 702 2064 783 ὕλη

277 809 588 890 παντοίη,
634 805 708 872 έν
756 804 814 871 δ’
861 805 1105 890 ἀρδμοὶ
1152 805 1498 889 ἐπηετανοὶ
1543 800 2192 896 παρέασι.ωοίἷυὲς
2247 801 2480 882 μισ-υ,

277 912 367 974 τώ
412 934 545 993 τοι,
590 908 778 994 ξεῖν’,
817 886 1080 995 Ἰθάκης
1124 936 1198 994 γε
1244 911 1355 976 καὶ
1401 911 1466 988 ές
1521 916 1764 997 Τροίην
1810 909 1993 996 ὄνομ’
2042 913 2203 990 ἵκει,

277 1018 399 1099 τήν
443 1036 566 1097 περ
612 1021 816 1099 τηλοῦ
861 1033 1067 1099 φασιν
1107 1014 1435 1102 Ἀχαιίδος
1479 1020 1750 1100 ἔμμεναι
1797 1017 2003 1100 αἴης.“

173 1140 253 1182 250
368 1119 456 1196 ὣς
499 1120 701 1204 φάτο,
746 1123 1046 1204 γήθησεν
1094 1117 1168 1185 δὲ
1212 1123 1541 1198 πολύτλας
1587 1124 1728 1198 δῖος
1765 1119 2119 1197 Ὀδυσσεὺς

279 1229 528 1310 χαίρων
571 1219 615 1310 ᾗ
663 1231 816 1311 γαίῃ
860 1230 1185 1312 πατρωίῃ,
1232 1227 1322 1302 ὥς
1368 1227 1439 1291 οἰ
1481 1229 1651 1291 ἔειπε

280 1331 549 1406 Παλλὰς
587 1329 938 1413 Ἀθηναίη,
983 1333 1189 1416 κούρη
1242 1333 1411 1406 Διὸς
1455 1333 1806 1414 αἰγιόχοιο·

28 1486 41 1499 ,
278 1439 394 1500 καί
433 1459 548 1518 μιν
593 1439 906 1520 φωνήσας
951 1437 1107 1499 ἔπεα
1152 1438 1506 1520 πτερόεντα
1551 1437 1898 1520 προσηύδα
1944 1474 2011 1482 -

39 1514 259 1613 ζ’·οιὺίέ
280 1541 361 1606 οὐ
407 1539 470 1604 δ’
512 1540 548 1605 ὅ
595 1538 656 1622 γ’
701 1539 954 1622 ἀληθέα
999 1536 1164 1623 εἷπε,
1210 1540 1410 1629 πάλιν
1458 1538 1520 1604 δ’
1570 1540 1606 1603 ὅ
1654 1563 1727 1621 γε
1776 1541 1998 1647 λάζετο
2045 1545 2292 1623 μῦθον,
2329 1520 2536 1617 (ἕως

175 1664 252 1706 2⁶⁵
283 1641 425 1710 αἰὲν
472 1643 572 1709 ἐνὶ
618 1646 936 1727 στήθεσσι
982 1647 1146 1710 νόον
1190 1643 1600 1730 πολυκερδέα
1645 1655 1887 1727 νωμῶν
1933 1665 2027 1691 --·

372 1753 855 1833 ,,πυνθανόμην
891 1748 1158 1834 Ἰθάκης
1203 1773 1277 1832 γε
1323 1748 1435 1814 καὶ
1482 1749 1555 1815 ἐν
1603 1752 1831 1835 Κρήτῃ
1876 1749 2129 1835 εὐρείῃ,

281 1859 482 1937 τηλοῦ
526 1850 692 1938 ὑπὲρ
738 1857 1017 1919 πόντου·
1064 1863 1193 1919 νῦν
1238 1852 1301 1918 δ’
1345 1857 1708 1938 εἰλήλουθα
1752 1853 1862 1919 καὶ
1910 1854 2102 1930 αὐτὸς

279 1962 564 2045 χρήμασι
610 1963 736 2023 σὺν
781 1961 1139 2027 τοίσδεσσι·
1189 1960 1402 2025 λιπὼν
1450 1957 1509 2023 δ’
1537 1962 1652 2024 ’ἔτι
1695 1957 1882 2023 παισὶ
1927 1970 2212 2024 τοσαῦτα

282 2065 538 2149 φεύγω,
584 2060 723 2128 ἐπεὶ
766 2067 966 2146 φίλον
1011 2056 1127 2128 υἷα
1171 2062 1569 2129 κατέκτανον
1610 2062 2009 2147 Ἰδομενῆος,

176 2190 257 2230 260
276 2167 659 2255 Ὀρσίλοχον
704 2170 911 2244 πόδας
958 2167 1170 2251 ὠκύν,
1216 2168 1288 2244 ὃς
1335 2167 1408 2232 ἐν
1455 2171 1681 2252 Κρήτῃ
1727 2168 1948 2253 εὐρείῃ

283 2273 518 2356 ἀνέρας
560 2273 895 2356 ἀλφηστὰς
938 2276 1092 2338 νίκα
1136 2271 1436 2358 ταχέεσσι
1481 2274 1835 2355 πόδεσσιν,

283 2378 522 2443 οὕνεκά
566 2400 645 2462 με
692 2376 990 2461 στερέσαι
1035 2386 1149 2460 τῆς
1195 2378 1423 2460 ληίδος
1465 2378 1666 2460 ἤθελε
1712 2378 1921 2460 πάσης

292 2483 658 2565 Τρωιάδος,
703 2491 818 2565 τῆς
862 2477 1056 2546 εἵνεκ’
1103 2479 1232 2562 ἐγὼ
1278 2481 1504 2545 πάθον
1550 2481 1752 2562 ἄλγεα
1796 2487 2029 2567 θυμῷ,

283 2587 549 2673 ἀνδρῶν
593 2611 660 2652 τε
707 2584 1071 2669 πτολέμους
1115 2585 1421 2668 ἀλεγεινά
1465 2608 1533 2649 τε
1579 2585 1835 2668 κύματα
1879 2589 2157 2670 πείρων,

177 2712 255 2754 2⁶5
284 2691 502 2758 οὕνεκ’
546 2690 649 2778 ἄρ’
694 2692 816 2777 οὐχ
863 2686 915 2779 ᾧ
962 2690 1159 2776 πατρὶ
1206 2694 1629 2777 χαριζόμενος
1671 2691 2048 2776 θεράπευον

284 2799 470 2886 δήμῳ
517 2800 617 2862 ἔνι
670 2799 949 2882 Τρώων,
995 2795 1138 2861 ἀλλ’
1183 2798 1406 2861 ἄλλων
1450 2791 1658 2881 ἦρχον
1705 2794 2000 2880 ἑταίρων.

283 2904 398 2967 τὸν
443 2898 565 2985 μὲν
611 2902 737 2985 ἐγὼ
783 2904 1090 2967 κατιόντα
1136 2901 1346 2985 βάλον
1391 2903 1707 2985 χαλκήρεϊ
1749 2899 1944 2985 δουρὶ

283 3005 610 3091 ἀγρόθεν,
657 3006 851 3089 ἐγγὺς
896 3006 1081 3072 ὁδοῖο
1130 3006 1578 3091 λοχησάμενος
1623 3007 1749 3070 σὺν
1797 3003 2057 3093 ἑταίρω·

281 3109 402 3188 νὺξ
450 3108 524 3175 δὲ
569 3112 742 3195 μάλα
789 3111 1079 3194 δνοφερὴ
1127 3106 1341 3194 κάτεχ’
1387 3109 1679 3194 οὐρανόν
1692 3158 1712 3193 ,
1758 3106 1922 3173 οὐδέ
1955 3131 2055 3184 τις
2097 3106 2298 3191 ἡμέας

177 3239 257 3278 270
283 3214 664 3301 ἀνθρώπων
712 3214 977 3298 ἐνόησε,
1028 3215 1245 3279 λάθον
1293 3212 1373 3278 δέ
1415 3211 1449 3277 ἑ
1490 3215 1716 3296 θυμὸν
1763 3212 2070 3297 ἀπούρας.

283 3320 491 3406 αὐτὰρ
541 3319 679 3386 ἐπεὶ
725 3322 807 3404 δὴ
855 3323 972 3385 τόν
1019 3342 1092 3402 γε
1136 3316 1531 3383 κατέκτανον
1579 3316 1712 3394 ὀξέι
1756 3322 2010 3404 χαλκῷ,

283 3423 495 3491 αὐτίκ’
542 3425 712 3509 ἐγὼν
760 3424 866 3491 ἐπὶ
910 3433 1038 3508 νῆα
1082 3426 1246 3489 κιὼν
1296 3427 1615 3498 Φοίνικας
1661 3421 1950 3505 ἀγαυοὺς

284 3530 675 3614 ἐλλισάμην,
720 3534 835 3595 καί
876 3546 1039 3613 σφιν
1086 3526 1428 3613 μενοεικέα
1474 3530 1670 3612 ληίδα
1717 3531 1923 3594 δῶκα·

13 1830 42 1873 ‘a

21 2882 41 2943 ’ἔ
