2650 3909
319 260 360 324 6
751 281 784 314 ν
815 263 928 329 (13)
962 260 1263 321 Ὀδυσσέως
1299 260 1491 329 ἄφιξις
1527 258 1607 321 εἰς
1637 259 1891 328 Ἰθάκην.

169 477 183 492 ,
213 441 291 484 150
320 420 390 486 ἐκ
435 430 693 504 πομπῆς
739 421 1061 486 ἀνιοῦσαν
1105 326 1546 504 ’ένυήλέὲοέδέι
1590 324 1810 509 affl&

56 522 267 586 mx..
320 526 575 610 ῥαῖσαι,
619 524 708 591 ἵν’
753 528 881 609 ἤδη
930 543 970 590 σ
1024 538 1052 551 '⁴
1107 549 1244 610 ται,
1291 525 1705 609 ἀπολλήξωσι
1752 522 1827 590 δὲ
1870 534 2129 609 πομπῆς

318 618 727 717 ἀνθρώπων,
773 631 937 715 μέγα
985 632 1060 695 δέ
1105 647 1269 713 σφιν
1315 632 1473 712 ὄρος
1515 636 1703 695 πόλει
1748 630 2268 713 ἀμφικαλύψαι.“

404 738 521 801 τὸν
570 733 634 801 δ’
690 735 1211 819 ἀπαμειβόμενος
1255 732 1555 818 προσέφη
1607 733 2084 819 νεφεληγερέτα
2131 736 2323 810 Ζεύς·

42 822 261 955 {dm}
409 835 505 924 „0³2
551 841 793 939 πέπον,
840 842 928 915 ὡς
972 835 1095 922 μὲν
1142 839 1272 925 ἐμῷ
1318 844 1517 925 θυμῷ
1567 840 1753 903 δοκεῖ
1793 835 1963 903 εἶναι
2009 842 2271 923 ἄριστα,

214 968 292 1009 155
321 938 562 1012 ὁππότε
608 969 724 1009 κεν
771 946 853 1027 δὴ
900 945 1137 1020 πάντες
1182 940 1632 1026 ἐλαυνομένην
1677 944 2081 1027 προΐδωνται

320 1048 467 1115 λαοὶ
513 1048 641 1114 ἀπὸ
686 1052 983 1133 πτόλιος,
1028 1056 1250 1130 &gs-Qut
1296 1051 1494 1113 λίθον
1542 1047 1779 1131 ἐγγύθι
1824 1052 2013 1132 γαίης
2124 1017 2382 1132 (ΔΕ-νῆα)

317 1152 429 1237 νηὶ
473 1161 612 1239 θοῇ
656 1159 907 1237 ἴκελον,
953 1156 1064 1219 ἵνα
1108 1154 1536 1237 θαυμάζωσιν
1583 1155 1862 1231 ἅπαντες
2458 1212 2484 1261 l

319 1260 699 1344 ἄνθρωποι,
745 1257 910 1343 μέγα
957 1258 1037 1323 δέ
1078 1275 1237 1342 σφιν
1285 1261 1441 1342 ὄρος
1484 1262 1672 1324 πόλει
1716 1259 2233 1344 ἀμφικαλύψαι.“
2342 1204 2552 1371 Qum)

408 1364 614 1448 αὐτὰρ
662 1347 919 1428 έπεΠό
966 1361 1028 1446 γ’
1071 1365 1312 1428 ἄκουσε
1361 1364 1756 1429 Ποσειδάων
1811 1364 2212 1450 ἐνοσίχθων,

214 1493 292 1533 160
318 1473 402 1553 βῆ
451 1466 512 1553 ῤ’
559 1476 706 1553 ἴμεν
756 1469 822 1544 ἐς
864 1473 1187 1554 Σχερίην,
1233 1468 1349 1534 ὅθι
1400 1474 1684 1554 Φαίηκες
1728 1471 2058 1554 γεγάασιν.

318 1572 462 1638 ἔνθ’
512 1572 720 1658 ἔμεν’·
765 1575 806 1657 ἡ
857 1571 930 1638 δὲ
976 1575 1149 1657 μάλα
1187 1577 1427 1659 σχεδὸν
1471 1577 1683 1658 ἤλυθε
1720 1579 2128 1659 ποντοπόρος
2162 1584 2325 1657 νηῦς

318 1679 528 1763 ῥίμφα
575 1678 962 1763 διωκομένη.
1051 1688 1164 1761 τῆς
1209 1676 1282 1743 δὲ
1328 1681 1567 1764 σχεδὸν
1611 1675 1766 1762 ἦλθ’
1814 1679 2215 1761 ἐνοσίχθων,

317 1784 390 1860 ὅς
435 1808 551 1867 μιν
597 1790 764 1849 λᾶαν
811 1787 1009 1866 ἔθηκε
1054 1781 1163 1847 καὶ
1210 1781 1559 1867 ἐρρίζωσεν
1604 1786 1837 1869 ἔνερθε

29 1884 151 1963 ¹³01ss
358 1913 414 1954 ει
461 1888 485 1953 ὶ
530 1911 740 1954 καταπ
826 1899 933 1953 νεῖ
974 1888 1173 1952 έλάσα
1219 1907 1233 1921 ·
1286 1887 1322 1952 ὁ
1372 1884 1445 1952 δὲ
1490 1892 1615 1953 νόσ
1670 1914 1693 1952 ι
1782 1913 1812 1954 ε
1904 1912 2017 1953 κει.

40 1952 69 2023 ’ἰ
178 1920 291 2057 15’ἔδει
317 1916 354 1975 χ
407 1914 477 2059 gl
517 1991 592 2058 δὲ
636 1913 822 2074 ab?
845 1912 1370 2076 ἀλλήλουςςέπεα
1412 1891 2111 2078 πτερόζντράῗέῖίρευον

321 2102 607 2181 Φαίηκες
653 2100 1139 2182 δολιχήρετμοι,
1184 2096 1609 2163 ναυσικλυτοὶ
1656 2100 1908 2184 ἄνδρες.

319 2198 445 2268 ὧδε
494 2203 574 2268 δέ
613 2227 711 2278 τις
754 2207 1052 2267 εἴπεσκεν
1099 2203 1264 2267 ἰδὼν
1310 2201 1377 2279 ἐς
1419 2207 1702 2295 πλησίον
1748 2206 1979 2271 ἄλλον·

407 2312 653 2394 ,,ὥμοι,
698 2312 794 2386 τίς
840 2311 922 2392 δὴ
967 2318 1096 2391 νῆα
1141 2305 1625 2393 θοὴν,ἐπέδησ’
1672 2308 1771 2374 ἐνὶ
1817 2314 2037 2399 πόντῳ

320 2409 527 2481 οἴκαδ’
574 2413 1050 2499 ἐλαυνομένην;
1096 2414 1206 2480 καὶ
1254 2417 1337 2498 δὴ
1383 2419 1827 2500 προυφαίνετο
1873 2417 2111 2481 πᾶσα.“

214 2543 290 2582 ιτο
408 2521 495 2597 ὣς
539 2523 666 2606 ἄρα
711 2545 809 2597 τις
853 2527 1134 2585 εἴπεσκε·
1181 2520 1259 2584 τὰ
1307 2518 1367 2582 δ’
1414 2521 1537 2585 οὐκ
1585 2527 1735 2584 ἴσαν
1781 2522 1869 2595 ὡς
1914 2520 2224 2585 ἐτέτυκτο.

292 2636 528 2690 τοῖσιν
575 2622 635 2688 δ’
675 2622 1006 2698 Ἀλκίνοος
1053 2623 1421 2707 ἀγορήσατο
1466 2620 1575 2686 καὶ
1621 2621 1978 2705 μετέειπεν·

407 2729 504 2812 ,,ὢ
550 2730 773 2810 πόποι,
817 2723 858 2810 ἦ
908 2726 1081 2810 μάλα
1128 2728 1210 2808 δή
1249 2749 1327 2809 με
1366 2729 1741 2809 παλαίφατα
1776 2724 2068 2810 θέσφαθ’
2114 2729 2323 2823 ἱκάνει
2411 2816 2424 2831 .

256 2857 263 2865 ·
317 2835 560 2918 πατρὸς
605 2832 797 2916 ἐμοῦ,
844 2831 917 2907 ὃς
962 2833 1202 2914 ἔφασκε
1251 2827 1664 2896 Ποσειδάων’
1711 2830 2074 2925 ἀγάσεσθαι
2097 2834 2208 2903 uri&
2233 2862 2276 2893 2⁸
2305 2839 2382 2899 ‘14‘
2455 2857 2522 2885 υ·

316 2939 508 3021 ἡμῖν,
555 2937 793 3002 οὕνεκα
840 2934 1087 3020 πομποὶ
1134 2933 1464 3019 ἀπήμονές
1508 2938 1690 3020 εἰμεν
1737 2936 2060 3003 ἁπάντων.
2301 2916 2322 2945 ⁴

214 3066 290 3106 175
318 3053 409 3128 φῆ
456 3064 612 3108 ποτε
663 3043 976 3124 Φαιήκων
1020 3040 1285 3126 ἀνδρῶν
1329 3040 1719 3126 περικαλλέα
1764 3051 1891 3127 νῆα

319 3149 389 3213 ἐκ
433 3158 691 3232 πομπῆς
737 3148 1057 3213 ἀνιοῦσαν
1105 3147 1177 3211 ἐν
1222 3147 1542 3231 ἠεροειδέι
1586 3152 1806 3237 πόντῳ

319 3252 731 3340 ῥαισέμεναι,
776 3253 940 3337 μέγα
989 3250 1048 3317 δ’
1092 3248 1250 3336 ἧμιν
1298 3255 1452 3337 ὅρος
1495 3257 1682 3318 πόλει
1729 3254 2230 3336 ἀμφικαλύψειν.

319 3361 407 3436 ὣς
451 3356 714 3444 ἀγόρευ’
761 3360 796 3425 ὁ
844 3358 1083 3445 γέρων·
1131 3360 1285 3424 τάδε
1334 3360 1417 3443 δὴ
1464 3368 1592 3423 νῦν
1636 3359 1847 3423 πάντα
1891 3364 2184 3424 τελεῖται.

319 3461 462 3531 ἀλλ’
506 3462 727 3549 ἄγεθ’,
774 3466 860 3541 ὡς
905 3465 989 3530 ἂν
1036 3465 1206 3548 ἐγὼν
1252 3472 1446 3548 εἴπω,
1491 3466 1880 3546 πειθώμεθα
1923 3465 2176 3542 πάντες.

215 3596 293 3634 180
319 3579 579 3655 πομπῆς
624 3566 745 3654 μὲν
789 3571 1135 3634 παύσασθε
1182 3574 1472 3654 βροτῶν,
1518 3569 1623 3634 ὅτε
1667 3568 1784 3634 κέν
1828 3593 1926 3647 τις
1970 3571 2182 3654 ’ἵκηται
