2650 3909
272 257 400 321 164
504 268 552 325 ψ
590 260 703 326 (23)
736 253 1040 320 Ὀδυσσέως
1074 258 1183 312 ὑπὸ
1222 257 1555 327 Πηνελόπης
1590 259 2025 330 ἁναγνωρισμός.

266 416 613 502 ἀμφοτέρω
658 420 859 502 φίλον
903 414 1097 503 ἦτορ,
1143 417 1282 484 ε’πεὶ
1327 421 1495 484 κακὰ
1538 420 1752 484 πολλὰ
1791 418 2103 484 πέποσθε.
2183 410 2497 547 (trefe-22)

266 531 395 588 νῦν
442 520 503 586 δ’
548 523 678 606 ἤδη
723 524 876 588 τόδε
922 526 1176 608 μακρὸν
1222 522 1465 609 ἐέλδωρ
1513 523 1975 590 ἐκτετέλεσται·

188 652 239 693 55
266 621 435 710 ἦλθε
481 624 604 711 μὲν
648 628 845 705 αὐτὸς
883 631 1041 706 ζωὸς
1087 628 1415 714 ἐφέστιος,
1460 626 1612 715 εὗρε
1657 627 1732 694 δὲ
1777 627 1886 694 καὶ
1934 627 2007 694 σὲ

266 731 376 797 καὶ
420 730 603 798 παῖδ’
648 733 721 798 ἐν
766 735 1135 820 μεγάροισι·
1180 746 1394 837 κακῶς
1439 732 1499 799 δ’
1547 737 1617 800 οι
1654 734 1775 818 πέρ
1818 759 1937 819 μιν
1982 737 2019 800 ἔ
2057 758 2087 799 ε
2123 760 2203 801 ον

267 847 661 923 μνηστῆρες,
705 843 860 916 τοὺς
903 839 1150 916 πάντας
1196 801 1469 904 ἐτίσατο
1496 832 1577 925 ᾧ
1594 832 1962 928 ἐνῖἶῧιωέζ

355 943 478 1027 τὴν
524 938 587 1007 δ’
628 939 784 1007 αὖτε
828 943 1174 1026 προσέειπε
1220 948 1564 1029 περίφρων
1608 905 2053 1026 Πηνελόπεια·

359 1059 562 1131 »ματα
606 1050 799 1131 φίλη,
845 1050 933 1132 μή
978 1068 1079 1112 πω
1126 1046 1268 1132 μέγ’
1313 1048 1581 1133 ἐπεύχεο
1626 1053 2073 1134 καγχαλόωσα.

188 1181 242 1219 60
269 1147 470 1218 οἶσθα
514 1153 640 1238 γάρ
687 1154 777 1229 ὥς
820 1151 881 1217 κ’
923 1153 1251 1231 ἀσπαστὸς
1297 1152 1398 1219 ἐνὶ
1443 1155 1786 1240 μεγάροισι
1831 1160 2069 1240 φανείη

267 1265 458 1340 πᾶσι,
502 1258 782 1341 μάλιστα
829 1256 891 1323 δ’
936 1257 1090 1343 ἐμοί
1127 1282 1197 1323 τε
1241 1257 1353 1324 καὶ
1395 1258 1559 1343 υἱέι,
1604 1262 1721 1326 τὸν
1767 1265 2156 1345 τεκόμεσθα·

269 1360 413 1426 ἀλλ’
454 1363 579 1428 οὐκ
625 1361 768 1429 ἔσθ’
815 1360 928 1429 ὅδε
974 1372 1193 1448 μῦθος
1238 1363 1582 1450 ἐτήτυμος,
1629 1366 1717 1442 ὡς
1761 1364 2133 1451 ἀγορεύεις,

269 1466 436 1532 ἀλλά
479 1492 577 1545 τις
621 1468 976 1534 ἀθανάτων
1021 1481 1232 1535 κτεῖνε
1278 1479 1654 1556 μνηστῆρας
1697 1469 2017 1554 ἀγαυούς,

267 1572 467 1657 ὕβριν
513 1572 966 1658 ἀγασσάμενος
1010 1572 1356 1657 θυμαλγέα
1400 1573 1509 1639 καὶ
1554 1575 1720 1639 κακὰ
1767 1576 1952 1659 ἔργα·

190 1705 243 1745 65
270 1678 352 1743 οὔ
396 1702 545 1743 τινα
589 1680 716 1764 γὰρ
762 1682 1023 1744 τίεσκον
1070 1678 1475 1764 ἐπιχθονίων
1519 1678 1930 1763 ἀνθρώπων,

270 1784 353 1849 οὐ
397 1786 599 1849 κακὸν
645 1780 805 1849 οὐδὲ
849 1779 970 1866 μὲν
1018 1782 1295 1864 ἐσθλόν,
1341 1783 1477 1858 ὅτίς
1521 1798 1725 1865 σφεας
1768 1783 2200 1865 εἰσαφίκοιτο·

269 1888 359 1953 τὼ
406 1886 493 1952 δι’
540 1887 944 1961 ἀτασθαλίας
988 1889 1243 1950 ἔπαθον
1283 1888 1511 1950 κακόν.
1599 1885 1803 1967 αὐτὰρ
1845 1883 2193 1962 Ὀδυσσεὺς

51 1972 214 2082 [ns
272 1994 474 2057 ὤλεσε
517 1997 721 2075 τηλοῦ
766 1994 1007 2055 νόστον
1047 1989 1400 2075 Ἀχαιίδος,
1447 1992 1647 2055 ὤλετο
1695 1988 1755 2054 δ’
1802 1991 2059 2067 αὐτός.“

358 2096 480 2180 τὴν
523 2086 586 2159 δ’
628 2075 908 2179 ἠμεῷεί
956 2096 1175 2159 ἔπειτα
1218 2097 1383 2178 φίλη
1429 2097 1678 2180 τροφὸς
1720 2095 2119 2178 Εὐρύκλεια·

193 2229 246 2268 ἰο
363 2249 404 2283 ,,
386 2200 637 2282 ,τέκνον
682 2199 867 2284 ἐμόν,
910 2202 1108 2265 ποῖόν
1153 2215 1224 2264 σε
1271 2202 1427 2277 ἔπος
1470 2201 1685 2284 φύγεν
1731 2224 1919 2282 ερκος
1965 2201 2284 2287 ὀδόντων,

271 2307 312 2390 ’ἢ
357 2309 557 2371 πόσιν
603 2306 802 2371 ἔνδον
850 2304 1042 2370 ε’όντα
1086 2301 1238 2391 παρ’
1282 2305 1525 2391 ἐσχάρῃ
1573 2306 1655 2371 οὔ
1700 2305 1843 2372 ποτ’
1891 2309 2154 2392 ἔφησθα

274 2410 483 2478 οἴκαδ’
531 2410 948 2476 ἐλεύσεσθαι·
993 2412 1212 2493 θυμὸς
1257 2409 1339 2475 δέ
1377 2434 1480 2476 τοι
1525 2407 1669 2476 αἰὲν
1715 2413 2001 2487 ἄπιστος.

274 2515 414 2582 ἀλλ’
460 2519 578 2600 ἄγε
622 2539 725 2581 τοι
768 2514 877 2580 καὶ
924 2525 1099 2600 σῆμα
1144 2511 1504 2600 ἀριφραδὲς
1547 2518 1710 2581 ἄλλό
1753 2538 1817 2581 τι
1860 2523 2056 2600 εἴπω,

276 2623 514 2705 οὐλήν,
557 2623 680 2704 τήν
724 2618 888 2685 ποτέ
925 2644 1040 2704 μιν
1086 2630 1206 2696 σῦς
1248 2622 1450 2702 ἤλασε
1497 2625 1708 2708 λευκῷ
1756 2621 1998 2686 ὀδόντι.

196 2749 248 2789 '15
275 2729 396 2810 τὴν
442 2725 844 2802 ἀπονίζουσα
887 2724 1275 2809 φρασάμην,
1321 2727 1561 2790 ἔθελον
1607 2721 1681 2790 δὲ
1727 2723 1832 2790 σοὶ
1877 2724 2040 2808 αὐτῇ

275 2829 564 2914 εἰπέμεν·
612 2828 778 2894 ἀλλά
822 2852 900 2913 με
946 2841 1163 2906 κεῖνος
1207 2827 1379 2894 ἐλὼν
1425 2827 1529 2894 ἐπὶ
1576 2829 1869 2912 μάστακα
1912 2825 2138 2912 χερσὶν
2216 2856 2223 2861 ·

276 2937 399 3002 οὐκ
443 2938 519 3001 ἔα
563 2932 895 3018 εἰπέμεναι
938 2936 1444 3020 πολυκερδείησι
1488 2937 1693 2999 νόοιο.
2276 2966 2551 3082 MC?

275 3037 420 3105 ἀλλ’
465 3039 647 3104 ἕπευ·
693 3039 900 3123 αὐτὰρ
948 3039 1117 3122 ἐγὼν
1164 3036 1404 3122 ἐμέθεν
1446 2952 2248 3133 wegcdd‘mquwfiffi

276 3151 354 3209 αἴ
389 3143 504 3209 κέν
549 3142 609 3208 σ’
655 3143 993 3228 ἐξαπάφω,
1037 3146 1292 3208 κτεῖναί
1331 3137 1398 3227 μ’
1310 3124 1742 3233 “nentium
1788 3142 2067 3230 ὀλέθρω.
2069 3143 2112 3178 “

196 3272 249 3311 so
364 3251 486 3333 τὴν
532 3246 593 3313 δ’
638 3246 923 3331 ἠμείβετ’
964 3249 1181 3312 ἔπειτα
1225 3251 1570 3333 περίφρων
1615 3250 2061 3332 Πηνελόπεια·

366 3364 572 3435 »μαῖα
615 3355 810 3435 φίλη,
854 3357 1140 3437 χαλεπόν
1186 3367 1258 3416 σε
1302 3358 1486 3415 θεῶν
1532 3351 1989 3433 αἰειγενετάων

279 3457 483 3538 δήνεα
526 3461 869 3546 εἴρυσθαι,
913 3455 1088 3539 μάλα
1130 3476 1253 3540 περ
1298 3455 1654 3538 πολύιδριν
1700 3453 1968 3520 ἐοῦσαν·
1996 3438 2069 3513 ιι
2094 3473 2169 3515 nx
2192 3443 2402 3575 γυιυιῖ
2455 3481 2549 3531 ιη,

277 3555 421 3623 ἀλλ’
466 3560 670 3642 ἔμπης
715 3565 902 3642 ἴομεν
947 3560 1106 3642 μετὰ
1149 3557 1331 3623 παῖδ’
1377 3559 1567 3643 ἐμόν,
1613 3560 1789 3644 ὄφρα
1835 3562 2076 3646 ἴδωμαι
