2650 3909
362 225 450 288 30
765 225 793 289 ξ
832 224 944 292 (14)
976 220 1277 284 Ὀδυσσέως
1311 222 1452 291 πρὸς
1490 221 1745 292 Εὔμαιον
1782 221 1983 291 ὁμιλία.

255 406 336 447 455
365 394 551 449 σῖτον
597 382 720 467 μέν
767 400 927 468 σφιν
974 383 1201 468 ἀφεῖλε
1245 384 1661 465 Μεσαύλιος,
1706 381 1779 448 οἶ
1818 379 1880 446 δ’
1924 380 2029 446 ἐπὶ
2074 392 2328 462 κοῖτον,

365 493 552 555 σίτου
598 487 708 553 καὶ
753 501 993 575 κρειῶν
1039 487 1499 574 κεκορημένοι,
1546 488 1914 553 ἐσσεύοντο.

452 594 571 672 νὺξ
603 592 667 659 δ’
699 592 802 680 ἄρ’
841 578 1088 677 ἐπῆλθε
1118 597 1308 677 κακή,
1346 596 1800 677 σκοτομήνιος·
1838 589 1915 657 ὗε
1954 591 2012 656 δ’
2051 594 2177 675 ἄρα
2208 596 2374 667 Ζεὺς

280 735 293 745 ·
363 701 728 786 πάννυχος,
774 700 979 785 αὐτὰρ
1026 702 1108 783 ἄη
1159 698 1462 784 Ζέφυρος
1504 697 1738 782 μέγας,
1781 695 1924 762 αἰὲν
1972 699 2275 782 ἔφυδρος.
2638 658 2641 762 ἡ

364 817 504 883 τοῖς
551 801 612 871 δ’
661 803 970 881 Ὀδυσεὺς
1014 802 1337 888 μετέειπε,
1384 804 1689 886 συβώτεω
1736 807 2153 888 πειρητίζων,
2621 772 2641 839 Ὗ

255 934 337 972 460
364 918 432 981 εἴ
467 933 605 988 πως
651 912 722 976 οἰ
762 910 955 986 ἐκδὺς
999 914 1276 994 χλαῖναν
1322 912 1518 994 πόροι
1562 911 1605 992 ἥ
1650 902 1777 972 τιν’
1822 906 2099 992 ἑταίρων
2639 882 2640 947 Ῐ

363 1018 568 1080 ἄλλον
614 1014 1063 1098 ἐποτρύνειεν,
1110 1013 1254 1079 ἐπεί
1293 1011 1363 1078 ἕο
1409 1015 1643 1096 κήδετο
1690 1016 1867 1097 λίην·

454 1118 775 1203 ,,κέκλυθι
817 1130 979 1203 νῦν,
1023 1120 1278 1203 Εὔμαιε
1323 1116 1434 1184 καὶ
1480 1119 1668 1183 ἄλλοι
1714 1118 1951 1194 πάντες
1996 1116 2258 1202 ἑταῖροι.

363 1224 717 1308 εὐξάμενός
760 1247 823 1291 τι
870 1228 1023 1302 ἔπος
1070 1223 1258 1307 ἐρέω·
1305 1219 1488 1301 οἶνος
1530 1225 1657 1309 γὰρ
1704 1223 1944 1306 ἀνώγει

35 1308 296 1403 κμῖἶὼσᾱ
363 1331 585 1429 ἠλ-ςός,
630 1330 703 1407 ὅς
745 1328 801 1396 τ’
853 1328 1085 1416 ἐφέηκε
1131 1329 1524 1414 πολύφρονά
1569 1351 1690 1415 περ
1737 1327 1884 1413 μάλ’
1932 1328 2145 1394 ἀεῖσαι

50 1443 206 1533 (ὼ.)
256 1459 335 1499 465
364 1440 479 1501 καί
516 1434 586 1501 θ’
634 1435 1237 1520 ἁπαλὸν-γελάσαι,
1280 1439 1398 1500 καί
1434 1432 1493 1500 τ’
1534 1435 1946 1521 ὀρχήσασθαι
1992 1434 2224 1518 ἀνῆκε,

363 1545 479 1607 καί
517 1565 580 1607 τι
626 1545 780 1620 ἔπος
824 1540 1176 1628 προέηκεν,
1221 1541 1258 1606 ὅ
1304 1539 1426 1626 πέρ
1472 1538 1527 1606 τ’
1573 1542 1860 1627 ἄρρητον
1906 1542 2198 1624 ἄμεινον.

364 1645 507 1712 ἀλλ’
554 1646 692 1713 ἐπεὶ
738 1643 862 1714 οὖν
909 1649 982 1712 τὸ
1028 1657 1289 1730 πρῶτον
1335 1645 1734 1729 ἀνέκραγον,
1779 1645 1903 1711 οὐκ
1949 1644 2284 1708 ἐπικεύσω.

366 1750 496 1817 εἴθ’
541 1752 629 1829 ὣς
671 1753 952 1835 ἡβώοιμι
1000 1755 1112 1834 βίη
1158 1749 1235 1815 τέ
1273 1774 1389 1834 μοι
1435 1751 1713 1833 ἔμπεδος
1759 1756 1891 1831 εἴη,

57 1878 205 1935 φῂς..
216 1861 331 1931 ω.
365 1857 454 1933 ὡς
499 1854 608 1921 ὅθ’
651 1857 780 1922 ὑπὸ
837 1858 1080 1938 Τροίην
1126 1858 1327 1945 λόχον
1372 1856 1619 1937 ἤγομεν
1665 1853 2077 1939 ἀρτύναντες.

257 1985 339 2024 470
365 1961 689 2045 ἡγείσθην
736 1957 796 2024 δ’
847 1957 1157 2036 Ὀδυσεύς
1200 1982 1270 2023 τε
1315 1957 1424 2024 καὶ
1464 1957 1795 2044 Ἀτρείδης
1837 1956 2211 2040 Μενέλαος,

365 2077 538 2132 τοῖσι
586 2064 647 2130 δ’
691 2066 823 2148 ἄμα
868 2068 1086 2151 τρίτος
1129 2059 1337 2148 ἦρχον
1385 2064 1581 2147 ἐγών·
1627 2061 1818 2128 αὐτοὶ
1864 2063 1989 2149 γὰρ
2035 2064 2317 2145 ἄνωγον.

366 2168 509 2235 ἀλλ’
556 2171 662 2235 ὅτε
710 2171 794 2253 δή
841 2168 901 2254 ῤ’
951 2170 1272 2253 ἱκόμεσθα
1317 2168 1468 2236 ποτὶ
1512 2171 1744 2233 πτόλιν
1790 2168 1950 2233 αἰπύ
1994 2191 2065 2233 τε
2109 2179 2351 2254 τεῖχος,

365 2276 551 2360 ἡμεῖς
595 2271 718 2360 μὲν
763 2273 913 2361 περὶ
959 2277 1123 2340 ἄστυ
1168 2276 1332 2340 κατὰ
1379 2275 1637 2367 ῥωπήια
1681 2274 1927 2358 πυκνά,
1946 2257 2224 2346 &xm-(we
2243 2280 2300 2339 a>

367 2381 450 2447 ἂν
498 2383 782 2458 δόνακας
826 2379 936 2447 καὶ
983 2380 1160 2464 ἕλος,
1204 2381 1334 2446 ὑπὸ
1382 2382 1637 2466 τεύχεσι
1683 2391 2050 2464 πεπτηῶτες

258 2508 338 2548 475
365 2491 657 2571 κείμεθα.
747 2486 868 2565 νὺξ
918 2485 980 2552 δ’
1021 2485 1124 2573 ἄρ’
1170 2486 1418 2564 ἐπῆλθε
1464 2487 1628 2569 κακὴ
1674 2484 1929 2572 Βορέαο
1975 2488 2321 2566 πεσόντος,

16 2604 51 2645 h
84 2640 91 2647 -
122 2582 279 2721 {vaf
365 2594 670 2690 πηγυλίς·
717 2592 923 2674 αὐτὰρ
968 2591 1221 2677 ὕπερθε
1265 2590 1431 2673 χιὼν
1476 2586 1681 2671 γένετ’
1726 2590 1884 2671 ἠύτε
1927 2589 2140 2685 π-άχνη
2155 2568 2360 2670 ‚Im-
2391 2591 2570 2707 {was
2623 2574 2641 2639 (ἔ

365 2698 587 2780 ψυχρή
604 2744 623 2778 ,
670 2693 780 2760 καὶ
825 2691 1129 2759 σακέεσσι
1172 2692 1594 2779 περιτρέφετο
1640 2694 2059 2775 κρύσταλλος.
2639 2680 2640 2711 ³

368 2796 512 2865 ἔνθ’
558 2801 748 2863 ἄλλοι
794 2798 1033 2874 πάντες
1076 2801 1348 2883 χλαίνας
1394 2799 1545 2881 ἔχον
1591 2792 1709 2878 ἠδὲ
1755 2807 2065 2882 χιτῶνας,

367 2900 569 2970 εὗδον
616 2901 678 2968 δ’
721 2904 1020 2987 εὔκηλοι,
1067 2902 1338 2967 σάκεσιν
1383 2899 1715 2984 εἰλυμένοι
1764 2904 2008 2985 ὤμους·

260 3033 342 3072 480
369 3010 574 3094 αὐτὰρ
623 3009 750 3093 ἐγὼ
797 3013 1075 3094 χλαῖναν
1119 3005 1241 3092 μὲν
1290 3009 1414 3073 ἰὼν
1461 3004 1800 3093 ἑτάροισιν.
1838 3011 2097 3074 ἔλειπον

368 3114 746 3202 ἀφραδέως,
792 3112 930 3179 ἐπεὶ
976 3113 1098 3179 οὐκ
1144 3112 1403 3198 ἐφάμην
1451 3112 1816 3198 ῥιγωσέμεν
1863 3116 2096 3210 §fg-2229,

367 3218 512 3285 ἀλλ’
557 3217 806 3303 ἑπόμην
853 3220 1052 3296 σάκος
1096 3214 1243 3285 οἷον
1289 3221 1458 3304 ἔχων
1502 3216 1612 3283 καὶ
1661 3221 1835 3302 ζῶμα
1878 3221 2174 3303 φαεινόν.

368 3322 512 3390 ἀλλ’
555 3325 662 3389 ὅτε
710 3327 793 3409 δὴ
837 3330 1027 3412 τρίχα
1070 3327 1308 3401 νυκτὸς
1353 3326 1490 3408 ἔην,
1539 3324 1699 3406 μετὰ
1745 3321 1804 3388 δ’
1852 3325 2058 3409 ἄστρα
2094 3325 2381 3408 βεβήκει,

368 3433 478 3497 καὶ
521 3428 655 3495 τότ’
698 3429 868 3512 ἐγὼν
908 3429 1192 3515 Ὀδυσῆα
1236 3429 1637 3516 προσηύδων
1685 3428 1879 3512 ἐγγὺς
1925 3429 2117 3495 ἐόντα

260 3558 342 3599 485
371 3535 619 3619 ἀγκῶνι
665 3533 891 3628 νύξας·
930 3536 965 3601 ὁ
1014 3530 1075 3600 δ’
1118 3532 1221 3622 ἄρ’
1267 3521 2010 3627 ἐμμαπέωςὺπάκουσε·

556 3629 895 3757 ΛΜκΛἏίικς
1128 3719 1149 3731 t
1313 3651 1774 3775 ῡἛαλςμῶἽ
