2650 3909
362 240 449 304 20
762 242 791 307 ξ
829 242 943 310 (14)
971 239 1276 304 Ὀδυσσέως
1309 242 1450 311 πρὸς
1486 241 1740 313 Εὔμαιον
1778 239 1979 311 ὁμιλία.

364 400 530 466 οὐδέ
568 425 654 466 νυ
700 412 834 467 τῶν
880 404 974 466 ἔτι
1018 406 1258 468 τόσσον
1305 403 1660 488 ὀδύρομαι,
1708 402 1961 486 ἱέμενός
2005 423 2126 486 περ

368 506 817 591 ὀφθαλμοῖσιν
864 506 1128 572 ἰδέσθαι
1174 507 1302 573 ἐὼν
1350 507 1423 573 ἐν
1468 509 1734 593 πατρίδι
1778 511 1966 594 γαίῃ·

361 610 529 676 ἀλλά
572 609 638 695 μ’
686 609 1043 696 Ὀδυσσῆος
1086 615 1299 689 πόθος
1344 618 1606 702 αζνυται
1651 611 2043 696 οἰχομένοιο.
2092 628 2264 672 emm
2312 639 2454 675 nm„

258 736 335 777 145
363 718 480 781 τὸν
525 712 647 800 μὲν
695 715 897 800 ἐγών,
943 713 995 780 ὦ
1043 717 1244 800 ξεῖνε,
1287 715 1399 781 καὶ
1445 717 1526 782 οὐ
1569 715 1875 798 παρεόντ’
1919 717 2262 801 ὀνομάζειν

361 820 690 905 αἰδέομαι·
737 821 887 908 περὶ
932 823 1057 905 γάρ
1104 844 1182 905 με
1229 825 1408 906 φίλει
1452 820 1562 887 καὶ
1606 825 1841 907 κήδετο
1887 829 2112 910 θυμῷ·

38 884 317 1047 ,κᾚὲλῐῑὶ
361 925 527 991 ἀλλά
570 951 687 1011 μιν
733 927 971 1019 ἠθεῖον
1015 925 1227 991 καλέω
1272 924 1383 992 καὶ
1426 931 1672 1012 νόσφιν
1718 928 1972 994 ἐόντα.“

447 1051 566 1114 τὸν
612 1047 675 1113 δ’
718 1045 873 1115 αὖτε
919 1048 1267 1134 προσέειπε
1312 1052 1640 1127 πολύτλας
1684 1052 1829 1127 δῖος
1866 1049 2241 1127 Ὀδυσσεύς·

452 1159 548 1246 ,,ὦ
574 1162 762 1249 ’φίλ’,
808 1163 946 1229 ἐπεὶ
995 1165 1077 1247 δὴ
1123 1166 1394 1248 πάμπαν
1440 1164 1771 1249 ἀναίνεαι,
1817 1162 1962 1230 οὐδ’
2005 1167 2101 1228 ἔτι
2140 1169 2371 1248 φῇσθα

257 1291 335 1330 150
361 1278 584 1334 κεῖνον
631 1267 1053 1353 ἐλεύσεσθαι,
1097 1272 1315 1353 θυμὸς
1362 1269 1441 1335 δέ
1480 1294 1583 1335 τοι
1629 1267 1772 1335 αἰὲν
1817 1271 2111 1344 ἄπιστος·

362 1370 505 1438 ἀλλ’
553 1372 680 1457 ἐγὼ
727 1373 849 1459 οὐχ
896 1376 1110 1468 etQ-,mg
1153 1376 1571 1460 μυθήσομαι,
1616 1375 1784 1440 ἀλλὰ
1831 1378 1956 1440 σὺν
2002 1373 2210 1463 ὅρκῳ,
2261 1355 2324 1437 δ’
2351 1362 2516 1481 εἶ’-«Βῆ

365 1479 454 1555 ὡς
496 1491 705 1544 νεῖται
743 1479 1067 1557 Ὀδυσεύς.
1157 1479 1545 1564 εὐαγγέλιον
1590 1479 1671 1545 δέ
1709 1505 1821 1564 μοι
1869 1483 2031 1545 ἔστω
2509 1454 2520 1507 ¹

259 1607 336 1647 153
364 1582 607 1666 αὐτίκ’,
652 1584 798 1651 ἐπεί
836 1609 951 1651 κεν
996 1596 1213 1662 κεῖνος
1260 1588 1382 1651 ἰὼν
1427 1587 1506 1650 τὰ
1553 1586 1594 1650 ἃ
1640 1583 1897 1670 δώμαθ’
1943 1586 2172 1667 ἵκηται.

256 1712 333 1753 155
361 1687 519 1771 πρὶν
564 1688 644 1754 δέ
681 1714 779 1773 κε,
822 1688 933 1754 καὶ
973 1690 1148 1773 μάλα
1183 1711 1306 1774 περ
1343 1688 1766 1775 κεχρημένος,
1811 1688 1892 1753 οὔ
1929 1711 1993 1752 τι
2031 1689 2368 1771 δεχοίμην·

361 1793 598 1879 ἐχθρὸς
641 1795 767 1878 γάρ
813 1818 925 1877 μοι
970 1805 1189 1869 κεῖνος
1235 1793 1412 1876 ὁμῶς
1449 1791 1673 1858 Ἀίδαο
1718 1793 1960 1877 πύλῃσι

360 1901 642 1981 γίνεται,
688 1898 761 1974 ὃς
803 1900 994 1982 πενίῃ
1042 1904 1239 1962 εἴκων
1284 1896 1610 1980 ἀπατήλια
1654 1898 1852 1980 βάζει.

361 2008 517 2067 ἴστω
563 2012 693 2067 νῦν
739 2004 908 2078 Ζεὺς
951 2013 1177 2087 πρῶτα
1220 2008 1403 2066 θεῶν
1450 2001 1628 2086 ξενίη
1675 2025 1743 2066 τε
1788 2001 2065 2086 τράπεζα

363 2107 534 2191 ἱστίη
582 2105 639 2172 τ’
683 2105 998 2190 Ὀδυσῆος
1043 2106 1411 2191 ἀμύμονος,
1455 2108 1541 2191 ἣν
1587 2107 1917 2192 ἀφικάνω,

255 2206 399 2295 ισοῆ
446 2210 568 2295 μέν
613 2236 716 2278 τοι
761 2213 915 2277 τάδε
961 2213 1174 2277 πάντα
1218 2216 1530 2277 τελείεται
1576 2214 1664 2290 ὡς
1709 2212 2027 2296 ἀγορεύω.

358 2316 542 2383 τοῦδ’
587 2318 790 2385 αὐτοῦ
838 2319 1244 2403 λυκ-άβαντος
1290 2317 1622 2383 ἐλεύσεται
1669 2316 1901 2384 ἐνθάδ’
1944 2316 2318 2396 Ὀδυσσεύς.
2387 2319 2518 2463 7&-

356 2428 455 2475 τοῦ
492 2417 596 2491 μὲν
632 2423 944 2491 φθίνοντος
979 2419 1180 2492 μηνός,
1216 2430 1317 2477 τοῦ
1357 2419 1416 2476 δ’
1449 2419 1767 2492 ἱσταμένοιο

2396 2526 2422 2569 Γ
2479 2540 2506 2587 γ

358 2509 554 2562 οἴκαδε
591 2507 878 2579 νοστήσει,
913 2510 1012 2565 καὶ
1045 2508 1358 2601 τίσεταιβς
1390 2530 1475 2573 τις
1511 2506 1732 2565 ἐκείνου
2225 2476 2276 2569 s}
2305 2532 2320 2543 ι
2348 2530 2388 2563 ,·
2421 2498 2473 2577 ῃ(
2531 2534 2540 2557 x

359 2590 566 2649 ἐνθάδ’
598 2596 852 2666 ἀτιμάζει
887 2596 1091 2666 ἄλοχον
1127 2597 1224 2651 καὶ
1263 2598 1539 2666 φαίδιμον
1577 2595 1760 2650 υἱόν.“

156 2734 171 2767 ι
254 2735 332 2775 155
445 2705 563 2768 τὸν
610 2701 668 2766 δ’
717 2702 1240 2786 ἀπαμειβόμενος
1283 2701 1649 2786 προσέφης,
1692 2702 1944 2785 Εὔμαιε
1992 2706 2278 2786 συβῶτα·

449 2810 545 2898 ,,ὧ
592 2814 821 2900 γέρον,
867 2810 1005 2880 οὔτ’
1049 2813 1155 2900 ἄρ’
1197 2814 1368 2898 ἐγὼν
1415 2812 1803 2898 εὐαγγέλιον
1846 2816 1997 2880 τόδε
2041 2820 2201 2881 τίσω

359 2917 497 2985 οὔτ’
547 2917 858 2997 Ὀδυσεὺς
903 2922 997 2985 ἔτι
1043 2916 1230 2986 οἷκον
1278 2920 1636 2985 ἐλεύσεται·
1682 2919 1850 2984 ἀλλὰ
1895 2920 2125 3003 ἕκηλος

358 3038 540 3111 πῖνε,
582 3024 692 3091 καὶ
736 3028 904 3091 ἄλλα
948 3021 1100 3111 παρ’
1144 3025 1210 3103 ἐξ
1256 3026 1692 3109 μεμνώμεθα,
1735 3026 1908 3110 μηδέ
1947 3050 2027 3112 με
2072 3029 2325 3094 τούτων

358 3129 666 3216 μίμνησκ’
683 3151 699 3166 ·
744 3127 785 3215 ἧ
832 3131 958 3217 γὰρ
1002 3134 1220 3215 θυμὸς
1264 3129 1368 3195 ἐνὶ
1414 3133 1773 3215 στήθεσσιν
1821 3131 2078 3215 ἐμοῖσιν

254 3263 333 3301 170
361 3239 666 3323 ἄχνυται,
713 3237 953 3304 ὁππότε
999 3260 1096 3316 τις
1139 3242 1358 3323 μνήσῃ
1402 3239 1667 3303 κεδνοῖο
1713 3239 2007 3314 ἄνακτος.

359 3339 502 3407 ἀλλ’
545 3344 691 3426 ἤτοι
737 3342 938 3428 ὅρκον
984 3339 1106 3426 μὲν
1153 3342 1466 3427 ἐάσομεν,
1511 3341 1716 3424 αὐτὰρ
1757 3338 2109 3418 Ὀδυσσεὺς

358 3450 582 3530 ἔλθοι,
606 3447 802 3523 -ὅπως
846 3472 961 3531 μιν
1008 3446 1201 3532 ἔγωγ’
1243 3446 1456 3513 ἐθέλω
1501 3444 1611 3511 καὶ
1656 3450 2076 3530 Πηνελόπεια

359 3551 653 3638 Λαέρτης
696 3549 770 3615 θ’
813 3551 850 3617 ὁ
896 3552 1110 3638 γέρων
1155 3551 1265 3618 καὶ
1319 3550 1695 3636 Τηλέμαχος
1736 3554 2059 3638 θεοειδής.
