2650 3909
948 225 992 258 ω
1029 208 1143 275 (24)
1178 203 1249 259 τὰ
1282 200 1349 259 ’ἐν
1385 203 1653 274 Λαέρτου.
2185 198 2314 262 185

298 366 733 450 ἱκνεύμεσθα,
780 368 863 429 σὺ
912 363 971 430 δ’
1021 364 1368 449 ὠνόμασας
1412 362 1524 431 καὶ
1569 367 1777 441 ἔειπες
1823 363 2075 429 ἕκαστα.

187 491 270 533 ⁸40
297 472 537 556 ὄγχνας
581 495 693 556 μοι
741 473 956 547 δῶκας
999 475 1420 554 τρισκαίδεκα
1465 469 1576 536 καὶ
1623 468 1779 535 δέκα
1824 466 2097 552 μηλέας,

297 573 533 652 συκέας
576 574 1041 661 τεσσαράκοντ’
1059 594 1074 610 ·
1122 578 1365 661 ὄρχους
1409 575 1491 641 δέ
1529 599 1643 659 μοι
1690 569 1803 638 ὧδ’
1852 573 2374 656 ὀνόμηναςΛΜ
2406 589 2638 690 qnam

296 680 539 745 δώσειν
582 683 1022 764 πεντήκοντα,
1069 679 1448 767 διαῗξῖύγιος
1495 679 1569 746 δὲ
1614 673 2270 802 ἕκαστοςίηᾼμννζὛ-«ρἣ
2311 681 2638 764 meumst„

294 786 448 868 ἤην·
497 787 665 850 ἔνθα
711 783 775 850 δ’
816 781 943 850 ἀνὰ
991 774 1323 879 σταφυ-λαὶ
1366 795 1673 851 παντοῖαι
1719 786 1936 867 ἔασιν,
2003 785 2297 856 ἄκρῳ.

297 889 537 955 ὁππότε
587 892 669 974 δὴ
714 893 885 967 Διὸς
929 884 1096 976 ὧραι
1142 881 1550 976 ἐπιβρίσειαν
1595 888 1952 975 ὕπερθεν.“

189 1014 269 1056 845
386 993 475 1071 ὣς
510 996 703 1079 φάτο,
745 1005 867 1063 τοῦ
905 992 966 1060 δ’
1011 995 1216 1061 αὐτοῦ
1253 999 1413 1064 λύτο
1449 998 1741 1080 γούνατα
1777 992 1886 1059 καὶ
1922 996 2120 1079 φίλον
2156 988 2317 1075 ἦτορ

296 1098 528 1184 σήματ’
583 1100 1021 1185 ἀναγνόντος,
1076 1102 1156 1167 τά
1202 1103 1274 1166 οἰ
1328 1103 1576 1186 ἔμπεδα
1619 1097 1899 1186 πέφραδ’
1948 1097 2320 1174 Ὀδυσσεύς.

297 1202 467 1287 ἀμφὶ
515 1201 589 1268 δὲ
633 1203 822 1269 παιδὶ
868 1209 1045 1293 φίλφ
1093 1206 1252 1290 βάλε
1298 1208 1525 1291 πήχεε·
1570 1209 1689 1271 τὸν
1736 1202 1809 1270 δὲ
1853 1202 2005 1270 ποτὶ
2050 1195 2120 1268 οἶ

297 1302 472 1375 εἶλεν
518 1308 948 1395 ἀποψύχοντα
992 1312 1323 1387 πολύτλας
1368 1312 1512 1387 δῖος
1549 1308 1919 1386 Ὀδυσσεύς.

298 1414 506 1499 αὐτὰρ
555 1413 700 1478 ἐπεί
740 1411 801 1497 ῤ’
848 1417 1138 1498 ἔμπνυτο
1183 1412 1295 1479 καὶ
1343 1413 1409 1491 ἐς
1453 1415 1667 1500 φρένα
1710 1415 1929 1497 θυμὸς
1973 1412 2262 1497 ἀγέρθη,

191 1540 271 1581 350
300 1518 551 1596 ἐξαῦτις
595 1521 918 1604 μύθοισιν
963 1519 1397 1603 ἀμειβόμενος
1438 1519 1811 1605 προσέειπε·

390 1629 568 1708 ,,Ζεῦ
596 1626 823 1710 πάτερ,
850 1620 891 1708 ἦ
923 1625 1008 1710 ρα
1036 1622 1123 1688 ἔτ’
1152 1620 1295 1689 ἐστὲ
1321 1623 1473 1690 θεοὶ
1500 1626 1664 1690 κατὰ
1691 1621 2319 1709 μακρὸνὌλυμπον,

299 1731 362 1794 εἰ
404 1728 589 1796 ἐτεὸν
635 1739 1003 1816 μνηστῆρες
1047 1728 1429 1795 ἀτάσθαλον
1473 1730 1674 1815 ὕβριν
1720 1732 1960 1794 ἔτισαν.

298 1844 427 1900 νῦν
473 1831 534 1899 δ’
581 1837 783 1912 αἰνῶς
828 1836 1125 1908 δείδοικα
1169 1837 1333 1901 κατὰ
1378 1833 1622 1921 φρένα,
1668 1837 1757 1919 μὴ
1803 1834 1963 1919 τάχα
2007 1834 2245 1911 πάντες

301 1937 534 2005 ἐνθάδ’
582 1938 953 2005 ἐπέλθωσιν
992 1937 1389 2024 Ἰθακήσιοι,
1435 1940 1741 2023 ἀγγελίας
1786 1936 1859 2004 δὲ

193 2065 271 2107 355
299 2044 511 2129 πάντῃ
558 2042 967 2128 ἐποτρύνωσι
1014 2047 1472 2129 Κεφαλλήνων
1516 2045 1877 2110 πολίεσσι.“

388 2150 507 2214 τὸν
546 2146 606 2212 δ’
655 2147 1178 2232 ἀπαμειβόμενος
1212 2148 1515 2233 προσέφη
1552 2151 1915 2233 πολύμητις
1943 2146 2321 2227 Ὀδυσσεύς·

392 2252 700 2337 ,,θάρσει·
748 2254 838 2335 μή
882 2275 987 2317 τοι
1032 2263 1236 2318 ταῦτα
1281 2254 1444 2336 μετὰ
1487 2256 1685 2338 φρεσὶ
1731 2262 1884 2338 σῇσι
1929 2258 2285 2337 μελόντων.

301 2354 444 2422 ἀλλ’
493 2362 679 2441 ἴομεν
725 2355 918 2443 προτὶ
964 2352 1185 2441 οἷκον,
1230 2356 1303 2434 ὃς
1349 2358 1631 2442 ὀρχάτου
1678 2357 1918 2441 ἐγγύθι
1962 2371 2195 2424 κεῖται·

301 2465 472 2527 ἔνθα
519 2458 592 2526 δὲ
648 2460 1028 2548 Τηλέμαχον
1076 2461 1184 2527 καὶ
1230 2465 1562 2546 βουκόλον
1606 2459 1726 2546 ἠδὲ
1771 2465 2077 2548 συβώτην

194 2590 275 2631 860
299 2565 704 2653 προύπεμψ’,
751 2568 841 2644 ὡς
885 2567 969 2633 ἂν
1018 2569 1289 2635 δεῖπνον
1338 2568 1784 2653 ἐφοπλίσσωσι
1829 2570 2159 2653 τάχιστα.“

390 2672 480 2750 ὣς
524 2673 653 2756 ἄρα
697 2675 1097 2757 φωνήσαντε·
1131 2673 1339 2757 βάτην
1385 2675 1549 2759 πρὸς
1595 2675 1861 2758 δώματα
1905 2675 2090 2740 καλά.

301 2780 373 2843 οἱ
415 2775 474 2843 δ’
521 2778 628 2843 ὅτε
676 2779 760 2860 δή
807 2775 869 2864 ῥ’
911 2779 1133 2844 ἵκοντο
1180 2780 1452 2863 δόμους·
1473 2780 2006 2864 εὐναιετάοντας,

302 2879 504 2969 εὗρον
559 2881 941 2968 Τηλέμαχον
986 2882 1097 2948 καὶ
1142 2888 1474 2968 βουκόλον
1519 2881 1638 2967 ἠδὲ
1685 2887 1991 2968 συβώτην

302 2985 757 3072 ταμνομένους
799 2984 958 3072 κρέα
1002 2988 1215 3051 πολλὰ
1259 2988 1588 3073 κερῶντάς
1630 2982 1687 3052 τ’
1732 2994 1981 3053 αἴθοπα
2027 2984 2234 3054 οἶνον.

194 3115 274 3156 865
389 3097 603 3178 τόφρα
648 3087 723 3156 δὲ
768 3089 1072 3176 Λαέρτην
1118 3095 1529 3177 μεγαλήτορα
1574 3085 1626 3179 ᾧ
1675 3090 1775 3156 ἐνὶ
1820 3098 1980 3181 οἴκῳ

304 3198 677 3283 ἀμφίπολος
722 3198 968 3280 Σικελὴ
1017 3202 1257 3264 λοῦσεν
1301 3195 1412 3262 καὶ
1457 3208 1684 3282 χρῖσεν
1731 3196 1959 3284 ἐλαίῳ,

302 3301 476 3388 ἀμφὶ
522 3302 582 3368 δ’
630 3305 757 3389 ἄρα
803 3308 1082 3389 χλαῖναν
1125 3304 1337 3386 καλὴν
1381 3303 1612 3385 βάλεν·
1659 3302 1867 3387 αὐτὰρ
1907 3299 2156 3388 Ἀθήνη

302 3410 457 3494 ἄγχι
502 3407 950 3494 παρισταμένη
995 3405 1173 3492 μέλε’
1213 3409 1461 3491 ἤλδανε
1504 3407 1770 3493 ποιμένι
1817 3413 2026 3493 λαῶν,

304 3516 569 3597 μείζονα
617 3509 676 3578 δ’
722 3509 801 3597 ἠὲ
844 3514 1053 3599 πάρος
1096 3511 1206 3579 καὶ
1250 3513 1553 3581 πάσσονα
1596 3520 1808 3597 θῆκεν
1855 3513 2136 3581 ἰδέσθαι.
