2650 3909
331 206 423 271 90
811 224 845 263 σ
880 209 994 278 (18)
1023 205 1325 270 Ὀδυσσέως
1361 206 1460 262 καὶ
1483 203 1635 278 Ἴρου
1670 205 1877 278 πυγμή.

329 367 631 451 πάντων,
675 368 842 434 ὅσσά
885 391 954 433 τε
1001 379 1198 452 γαῖαν
1244 370 1352 434 ἔπι
1396 370 1609 451 πνείει
1653 391 1723 434 τε
1766 365 1876 434 καὶ
1921 367 2119 453 ἕρπει.

334 473 417 538 οὐ
462 469 585 557 μὲν
628 473 755 559 γάρ
800 473 964 539 ποτέ
1002 490 1167 559 φησι
1211 475 1418 540 κακὸν
1462 478 1809 540 πείσεσθαι
1854 475 2138 555 ὀπίσσω,
2407 514 2419 530 ·

335 575 486 663 ὄφρ’
529 577 768 663 ἀρετὴν
812 564 1143 664 παρέχωσι
1186 575 1341 644 θεοὶ
1386 576 1495 644 καὶ
1539 554 1810 662 γούνατ’
1854 579 2311 664 ὀρώρῃνγνπνι
2335 542 2569 704 &M

334 679 479 746 ἀλλ’
526 683 631 748 ὅτε
678 684 761 767 δὴ
808 680 918 749 καὶ
965 684 1176 769 λυγρὰ
1219 681 1371 749 θεοὶ
1416 684 1702 769 μάκαρες
1744 672 2086 766 τελέᾶἷοσι,
2385 718 2390 722 ·

229 807 307 848 135
334 785 444 852 καὶ
487 788 568 853 τὰ
612 785 799 873 φέρει
845 788 1273 872 ἀεκαζόμενος
1317 790 1612 871 τετληότι
1655 795 1875 875 θυμῷ.

333 902 513 969 τοῖος
555 893 682 978 γὰρ
727 894 883 967 νόος
928 890 1106 957 ἐστὶν
1152 891 1556 976 ἐπιχθονίων
1603 891 2012 978 ἀνθρώπων,

335 991 481 1064 οἷον
527 997 625 1064 ἐπ’
648 979 845 1090 ιῆμαρ
892 999 1090 1083 ἄγῃσι
1133 999 1345 1083 πατὴρ
1392 996 1658 1083 ἀνδρῶν
1703 1021 1773 1063 τε
1816 1004 2000 1064 θεῶν
2043 1019 2129 1063 τε.

334 1100 443 1168 καὶ
487 1104 613 1187 γὰρ
661 1102 789 1185 ἐγώ
834 1097 977 1167 ποτ’
1022 1104 1298 1186 ἔμελλον
1346 1101 1419 1167 ἐν
1466 1102 1791 1188 ἀνδράσιν
1838 1105 2062 1187 ὄλβιος
2105 1097 2302 1168 εἶναι·

333 1208 544 1272 πολλὰ
589 1203 651 1272 δ’
695 1204 1015 1272 ἀτάσθαλ’
1061 1206 1248 1292 ἔρεξα
1292 1211 1406 1295 βίῃ
1451 1206 1562 1272 καὶ
1607 1209 1834 1294 κάρτεϊ
1873 1215 2101 1291 εἴκων,

229 1334 309 1372 140
335 1316 537 1398 πατρί
574 1310 630 1378 τ’
673 1312 807 1401 ἐμῷ
852 1317 1129 1390 πίσυνος
1171 1310 1280 1379 καὶ
1327 1312 1543 1398 ἐμοῖσι
1589 1317 2061 1403 κασιγνήτοισι.

333 1421 423 1484 τὼ
469 1421 559 1503 μή
604 1422 702 1498 τίς
745 1442 901 1485 ποτε
946 1420 1219 1505 πάμπαν
1263 1419 1433 1505 ἀνὴρ
1479 1419 1863 1505 ἀθεμίστιος
1908 1427 2041 1504 εἴη,

337 1521 477 1589 ἀλλ’
524 1525 561 1589 ὅ
607 1548 682 1608 γε
730 1534 879 1610 σιγῇ
929 1526 1110 1611 δῶρα
1154 1532 1338 1591 θεῶν
1386 1528 1556 1610 ἔχοι,
1601 1525 1741 1591 ὅττι
1788 1527 2056 1591 διδοῖεν.

2605 756 2626 825 ³.

335 1622 422 1695 οἷ’
465 1630 639 1715 ὁρόω
685 1639 1060 1715 μνηστῆρας
1106 1630 1450 1696 ἀτάσθαλα
1493 1634 1991 1716 μηχανόωντας,

335 1738 626 1820 κτήματα
669 1739 1008 1820 κείροντας
1051 1738 1162 1801 καὶ
1207 1734 1632 1819 ἀτιμάζοντας
1675 1738 1930 1800 ἄκοιτιν

231 1858 309 1899 145
338 1840 608 1926 ἀνδρός,
654 1839 734 1904 ὃν
780 1838 998 1904 οὐκέτι
1043 1837 1214 1923 φημὶ
1258 1843 1477 1923 φίλων
1521 1838 1632 1904 καὶ
1675 1841 1990 1924 πατρίδος
2035 1845 2181 1923 αἴης

241 1925 250 1935 ’
337 1946 544 2029 δηρὸν
589 1940 1018 2008 ἀπέσσεσθαι·
1072 1944 1246 2027 μάλα
1292 1940 1367 2008 δὲ
1413 1945 1670 2027 σχεδόν.
1761 1943 1927 2009 ἀλλά
1954 1960 2045 2009 .σε
2092 1947 2348 2029 δαίμων

338 2046 550 2115 οἴκαδ’
592 2046 1023 2131 ὑπεξαγάγοι,
1069 2045 1221 2131 μηδ’
1268 2048 1642 2125 ἀντιάσειας
1686 2048 1944 2138 ἐκείνῳ,

337 2155 579 2219 ὁππότε
620 2156 959 2238 νοστήσειε
1005 2157 1209 2238 φίλην
1254 2153 1321 2230 ἐς
1364 2156 1646 2237 πατρίδα
1691 2166 1915 2237 γαῖαν·

337 2258 418 2324 οὐ
464 2257 590 2341 γὰρ
636 2257 963 2342 ἀναιμωτί
1000 2282 1074 2342 γε
1122 2257 1619 2351 διακρινέεσθαι
1664 2261 1782 2326 ὀίω
1970 2246 2118 2366 M
2157 2336 2163 2341 ,

232 2384 311 2425 ιω
337 2374 709 2449 μνηστῆρας
752 2361 863 2429 καὶ
906 2351 1162 2448 κεῖνον,
1213 2363 1361 2430 ἐπεί
1396 2388 1469 2430 κε
1516 2363 1858 2451 μέλαθρον
1902 2364 2067 2432 ὑπέλ
2125 2433 2140 2453 ,
2165 2370 2224 2434 .“

426 2469 761 2554 ὣςφάτο,
806 2468 916 2534 καὶ
962 2473 1229 2547 σπείσας
1274 2473 1457 2537 ἔπιεν
1500 2470 1813 2555 μελιηδέα
1857 2469 2075 2556 οἶνον,

336 2575 429 2653 ἂψ
476 2572 539 2639 δ’
581 2574 655 2639 ἐν
700 2572 926 2660 χερσὶν
973 2577 1173 2658 ἔθηκε
1219 2574 1423 2652 δέπας
1465 2579 1823 2661 κοσμήτορι
1869 2582 2065 2643 λαῶν.
2131 2536 2492 2641 ffiwbssssss*
2521 2602 2638 2639 --π

336 2681 542 2763 αὐτὰρ
588 2680 625 2745 ὁ
670 2684 755 2764 βῆ
803 2681 916 2744 διὰ
962 2681 1149 2762 δῶμα
1192 2684 1394 2764 φίλον
1438 2679 1813 2763 τετιημένος
1855 2676 2048 2767 ἦτορ,

335 2785 707 2861 νευστάζων
751 2787 1026 2867 κεφαλῇ·
1075 2783 1158 2865 δὴ
1204 2783 1331 2867 γὰρ
1377 2784 1582 2861 κακὸν
1628 2785 1860 2848 ὄσσετο
1904 2791 2123 2872 θυμῷ.

228 2909 309 2951 165
337 2887 479 2954 ἀλλ’
526 2885 670 2954 οὐδ’
717 2882 805 2965 ὧς
849 2889 1021 2971 φύγε
1067 2897 1260 2973 κῆρα·
1309 2886 1551 2971 πέδησε
1600 2883 1674 2953 δὲ
1718 2886 1828 2954 καὶ
1872 2892 1990 2955 τὸν
2029 2888 2275 2976 Ἀθήνη

347 2994 726 3079 Τηλεμάχου
770 2994 901 3059 ὑπὸ
947 2991 1131 3079 χερσὶ
1176 2991 1285 3058 καὶ
1332 2995 1511 3078 ἔγχει·
1554 2989 1656 3078 ἶφι
1704 2996 2008 3079 δαμῆναι.

337 3099 429 3178 ἂψ
477 3093 540 3164 δ’
581 3093 766 3177 αὖτις
809 3096 949 3166 κατ’
994 3096 1098 3184 ἄρ’
1141 3097 1293 3177 ἕζετ’
1339 3097 1447 3164 ἐπὶ
1490 3103 1751 3185 θρόνου
1797 3103 1998 3167 ἔνθεν
2043 3101 2299 3186 ἀνέστη.

424 3213 503 3289 τῇ
550 3202 612 3269 δ’
657 3199 760 3288 ἄρ’
810 3203 916 3270 ἐπὶ
960 3203 1158 3290 φρεσὶ
1201 3210 1371 3289 θῆκε
1415 3205 1544 3271 θεὰ
1589 3210 1962 3290 γλαυκῶπις
2000 3203 2279 3293 Ἀθήνη,

337 3310 543 3394 κούρῃ
583 3306 921 3395 Ἰκαρίοιο,
966 3315 1320 3396 περίφρονι
1365 3315 1815 3396 Πηνελοπείῃ,

233 3436 311 3477 160
339 3417 780 3499 μνηστήρεσσι
825 3425 1149 3500 φανῆναι,
1195 3417 1371 3493 ὅπως
1414 3416 1708 3511 πετάσειε
1754 3416 2032 3499 μάλιστα
2074 3423 2095 3500 Ῐ
2137 3398 2476 3526 Qum-..r

335 3521 560 3603 θυμὸν
605 3523 999 3606 μνηστήρων
1046 3518 1147 3586 ίδὲ
1191 3525 1506 3606 τιμήεσσα
1552 3518 1810 3603 γένοιτο
