2650 3909
409 229 495 293 80
782 249 813 298 ρ
851 233 964 298 (17)
988 223 1281 307 >ἐπάνοδος,-
1321 226 1646 297 Τηλεμάχου
1685 226 1766 290 sle
1793 225 2046 296 Ἰθάκην.

406 384 568 468 αἶψα
616 385 766 474 μάλ’
812 391 1197 472 Αἰγυπτίων
1243 389 1511 474 ἀνδρῶν
1555 386 1982 474 περικαλλέας
2025 388 2272 474 ἀγροὺς

404 497 735 580 πόρθεον,
781 494 854 560 ἐκ
900 491 975 559 δὲ
1020 505 1338 577 γυναῖκας
1382 496 1548 578 ἄγον
1592 492 1703 559 καὶ
1746 496 1949 577 νήπια
1987 490 2218 577 τέκνα,

406 600 650 677 αὐτούς
692 623 762 665 τε
807 610 1097 665 κτεῖνον·
1144 600 1306 684 τάχα
1356 596 1414 664 δ’
1461 599 1527 675 ἐς
1570 603 1767 665 πόλιν
1813 597 1965 663 ἵκετ’
2013 598 2196 682 ἀυτή.

293 730 376 770 435
404 706 476 771 οἰ
516 702 590 770 δὲ
635 710 798 789 βοῆς
842 704 1100 782 ἀιόντες
1144 702 1253 788 ἅμ’
1295 705 1412 787 ἠοῖ
1449 702 1939 789 φαινομένηφιν

402 805 646 893 ἦλθον·
692 816 897 894 πλῆτο
945 806 1019 875 δὲ
1064 818 1197 873 πᾶν
1242 811 1477 874 πεδίον
1523 813 1733 887 πεζῶν
1777 832 1846 874 τε
1891 808 2001 874 καὶ
2046 810 2265 874 ἵππων

402 921 649 999 χαλκοῦ
693 938 763 980 τε
810 922 1144 1000 στεροπῆς.
1237 913 1309 978 έν
1358 909 1433 978 δὲ
1480 916 1653 991 Ζεὺς
1697 913 2205 1000 τερπικέραυνος

402 1022 618 1104 φύζαν
665 1019 847 1104 ἐμοῖς
892 1017 1180 1103 ἑτάροισι
1226 1020 1436 1101 κακὴν
1481 1018 1715 1102 βάλεν,
1762 1018 1926 1085 οὐδέ
1963 1042 2063 1096 τις
2108 1021 2257 1104 ἔτλη

402 1135 638 1208 στῆναι
683 1123 1088 1207 ἐναντίβιον·
1134 1121 1284 1206 περὶ
1331 1125 1459 1209 γὰρ
1503 1125 1671 1188 κακά
1716 1123 2051 1190 πάντοθεν
2098 1127 2268 1208 ἔστη.

294 1255 375 1294 440
402 1227 546 1294 ἔνθ’
591 1227 817 1313 ἡμέων
860 1231 1149 1305 πολλοὺς
1192 1224 1315 1313 μὲν
1362 1227 1731 1293 ἀπέκτανον
1777 1227 1911 1306 ὀξέι
1955 1234 2207 1318 χαλκῷ,

401 1339 555 1413 τοὺς
602 1333 661 1399 δ’
708 1336 960 1418 ἄναγον
1008 1336 1244 1418 ζωούς,
1290 1338 1520 1420 σφίσιν
1566 1334 1956 1419 ἐργάζεσθαι
2002 1335 2271 1421 ἀνάγκη.

401 1441 606 1526 αὐτὰρ
653 1437 752 1523 ἔμ’
799 1439 866 1517 ἐς
911 1440 1188 1526 Κύπρον
1234 1439 1427 1529 ξείνῳ
1476 1441 1684 1506 δόσαν
1729 1440 2143 1525 ἀντιάσαντι,

401 1548 701 1631 Δμήτορι
745 1539 1041 1631 Ἰασίδῃ,Ι
1067 1545 1140 1621 ὃς
1184 1546 1465 1629 Κύπρου
1513 1540 1614 1629 ἶφι
1659 1548 1964 1611 ἄνασσεν.

402 1654 604 1717 ἔνθεν
650 1653 733 1734 δὴ
780 1661 909 1716 νῦν
955 1653 1156 1735 δεῦρο
1201 1649 1342 1716 τόδ’
1386 1652 1504 1715 ἵκω
1551 1654 1812 1742 πήματα
1856 1651 2186 1735 πάσχων.“

292 1780 374 1819 445
488 1758 606 1821 τὸν
653 1753 714 1820 δ’
760 1750 906 1819 αὖτ’
949 1753 1283 1829 Ἀντίνοος
1327 1754 1721 1837 ἀπαμείβετο
1766 1755 2078 1839 φώνησέν
2121 1775 2214 1820 τε·

491 1863 631 1943 ,,τίς
675 1860 931 1941 δαίμων
977 1859 1129 1923 τόδε
1174 1867 1358 1940 πῆμα
1402 1861 1779 1942 προσήγαγε
1828 1860 2048 1935 δαιτὸς
2091 1858 2317 1944 ἀνίην;

402 1961 595 2047 στῆθ’
641 1964 849 2039 οὕτως
894 1961 960 2039 ἐς
1004 1960 1282 2044 μέσσον,
1329 1961 1487 2045 ἐμῆς
1531 1961 1870 2028 ἀπάνευθε
1915 1961 2257 2049 τραπέζης,

400 2069 488 2152 μὴ
534 2067 698 2153 τάχα
742 2068 986 2151 πικρὴν
1030 2072 1375 2149 Αἴγυπτον
1418 2065 1531 2132 καὶ
1577 2068 1855 2153 Κύπρον
1902 2070 2107 2153 ἴδηαι·

401 2175 489 2250 ὥς
533 2196 631 2250 τις
671 2171 1045 2258 θαρσαλέος
1088 2170 1197 2238 καὶ
1243 2172 1519 2258 ἀναιδής
1565 2173 1724 2238 ἐσσι·
1752 2178 2080 2259 προΐκτης.

292 2302 374 2343 450
402 2278 607 2364 ἑξείης
650 2280 964 2345 πάντεσσι
1008 2282 1429 2364 παρίστασαι·
1478 2280 1550 2344 οἱ
1589 2276 1665 2344 δὲ
1710 2281 1976 2347 διδοῦσι

400 2387 761 2471 μαψιδίως,
808 2383 948 2451 ἐπεὶ
994 2386 1076 2451 οὔ
1122 2409 1220 2462 τις
1265 2384 1593 2472 ἐπίσχεσις
1637 2384 1782 2452 οὐδ’
1828 2387 2092 2472 ἐλεητὺς

403 2490 770 2578 ἀλλοτρίων
815 2495 1248 2577 χαρίσασθαι,
1295 2489 1436 2556 ἐπεὶ
1481 2492 1658 2577 πάρα
1702 2494 1914 2558 πολλὰ
1962 2493 2270 2581 ἑκάστοτέ·

490 2599 606 2661 τὸν
653 2595 715 2660 δ’
757 2595 1188 2681 ἀναχωρήσας
1229 2594 1526 2680 προσέφη
1573 2598 1935 2680 πολύμητις
1974 2592 2347 2673 Ὀδυσσεύς·

490 2700 587 2782 ,,ὢ
631 2704 856 2782 πόποι,
902 2700 1025 2763 οὐκ
1070 2702 1197 2780 ἄρα
1244 2698 1413 2782 σοίγ’
1457 2699 1767 2763 ἐπὶιεῖδει·
1805 2697 1916 2764 καὶ
1951 2698 2189 2785 φρένες
2223 2696 2410 2785 ἦσαν.

40 2825 47 2832 ·
144 2826 371 2870 ...ex-455
400 2803 481 2867 οὐ
528 2797 674 2886 σύγ’
717 2802 801 2868 ἂν
848 2802 914 2881 ἐξ
962 2809 1150 2868 οἴκου
1197 2811 1292 2888 σῷ
1338 2802 1644 2896 ἐπιστάτῃ
1692 2801 1838 2868 οὐδ’
1884 2805 2009 2869 ἅλα
2055 2807 2270 2891 δοίης,

399 2907 472 2985 ὃς
514 2917 642 2973 νῦν
687 2907 1093 2990 ἀλλοτρίοισι
1137 2911 1513 2992 παρήμενος
1557 2909 1640 2973 οὔ
1685 2912 1756 2973 τί
1793 2933 1908 2993 μοι
1955 2912 2141 2995 ἔτλης

400 3017 586 3080 σίτου
633 3012 1064 3099 ἀποπροελὼν
1110 3015 1411 3097 δόμεναι·
1463 3014 1542 3078 τὰ
1589 3011 1920 3090 δὲΙπολλὰ
1965 3016 2340 3101 πάρεστιν.“

488 3119 576 3197 ὣς
621 3116 835 3204 ἔφατ’,
873 3117 1207 3195 Ἀντίνοος
1251 3114 1327 3182 δὲ
1373 3120 1709 3203 χολώσατο
1754 3124 1998 3207 κηρόθι
2044 3126 2329 3205 μᾶλλον,

399 3228 514 3292 καί
552 3249 668 3309 μιν
711 3226 972 3310 ὑπόδρα
1018 3225 1183 3289 ἰδὼν
1230 3226 1386 3288 ἔπεα
1430 3229 1785 3310 πτερόεντα
1828 3226 2199 3310 προσηύδα·

291 3353 373 3393 460
490 3339 659 3412 ,,νῦν
706 3332 789 3413 δή
836 3326 897 3394 σ’
943 3326 1161 3393 οὐκέτι
1208 3329 1376 3393 καλὰ
1420 3326 1507 3393 δι’
1554 3328 1626 3393 ἐκ
1670 3329 1982 3413 μεγάροιό
2026 3325 2252 3411 γ’,ὀίω

399 3434 490 3512 ἂψ
537 3432 1024 3518 ἀναχωρήσειν,
1071 3434 1177 3499 ὅτε
1225 3435 1307 3517 δὴ
1355 3430 1464 3499 καὶ
1509 3433 1769 3498 ὀνείδεα
1813 3433 2093 3517 βάζεις.“

489 3537 577 3614 ὣς
620 3535 725 3622 ἄρ’
772 3540 931 3622 ἔφη,
976 3536 1086 3603 καὶ
1131 3546 1398 3624 θρῆνυν
1444 3535 1614 3603 ἑλὼν
1659 3539 1819 3621 βάλε
1868 3539 2088 3617 δεξιὸν
2134 3537 2338 3631 ὦμον,
