2650 3909
1024 239 1067 272 ω
1104 221 1217 288 (24)
1255 221 1505 273 σπονδαί
2172 214 2297 279 189

370 377 458 454 ὣς
503 375 734 462 ἔφαθ’,
780 380 851 443 οἱ
893 376 952 443 δ’
999 375 1104 463 ἄρ’
1149 376 1424 461 ἀνήιξαν
1470 378 1732 467 μεγάλῳ
1780 377 2078 464 ἀλαλητῷ

281 483 570 566 ἡμίσεων
614 486 901 560 πλείους.
991 481 1093 549 τοὶ
1140 481 1199 548 δ’
1248 483 1491 568 ἁθρόοι
1539 482 1779 548 αὐτόθι
1827 494 2088 566 μεῖναν·

172 611 253 651 465
283 588 365 652 οὐ
409 588 536 674 γάρ
584 605 746 673 σφιν
791 590 909 683 ᾆδε
956 594 1175 672 μῦθος
1220 586 1322 653 ἐνὶ
1367 592 1638 673 φρεσίν,
1685 584 1828 652 ἀλλ’
1873 587 2196 652 Εὐπείθει
2241 579 2483 686 fam)

280 691 577 758 πείθοντ’
598 712 612 726 ·
660 689 823 771 αἶψα
870 691 932 758 δ’
977 690 1170 758 ἔπειτ’
1219 690 1324 758 ἐπὶ
1371 695 1605 779 τεύχεα
1654 692 2020 758 ἐσσεύοντο.
2297 738 2316 753 .

282 799 490 884 αὐτὰρ
538 798 685 863 ἐπεί
723 798 782 882 ῤ’
831 798 1106 865 ἕσσαντο
1151 796 1301 884 περὶ
1347 801 1504 885 χροῒ
1545 799 1816 898 να-ἰροπα
1861 801 2138 884 χαλκόν,
2184 763 2518 899 Δάνννκῖὼς

282 903 521 990 ἀθρόοι
566 905 971 988 ἠγερέθοντο
1019 906 1146 988 πρὸ
1192 905 1877 990 ἄστεοςεύρυχόροιο.

281 1021 492 1074 τοῖσιν
539 1006 601 1073 δ’
646 1010 986 1093 Εὐπείθης
1028 1008 1318 1094 ἡγήσατο
1364 1008 1698 1095 νηπιέῃσι·

173 1135 254 1175 4⁷0
282 1122 373 1197 φῆ
423 1109 484 1179 δ’
530 1115 565 1178 ὅ
612 1137 686 1196 γε
734 1119 1038 1179 τίσεσθαι
1083 1117 1319 1191 παιδὸς
1363 1118 1610 1199 φόνον,
1658 1112 1803 1180 οὐδ’
1850 1113 1955 1201 ἄρ’
1998 1118 2267 1198 ἔμελλεν

280 1217 372 1295 ἂψ
419 1217 931 1302 ἀπονοστήσειν,
978 1216 1122 1283 ἀλλ’
1170 1219 1375 1284 αὐτοῦ
1419 1223 1673 1302 πότμον
1720 1218 2009 1303 ἐφέψειν.

281 1323 488 1408 αὐτὰρ
530 1321 848 1406 Ἀθηναίη
898 1327 1085 1406 Ζῆνα
1130 1327 1486 1406 Κρονίωνα
1532 1326 1904 1408 προσηύδα·

370 1423 466 1511 ,,ὦ
512 1427 716 1513 πάτερ
762 1427 1066 1513 ἡμέτερε,
1110 1429 1443 1513 Κρονίδη,
1487 1428 1692 1516 ὕπατε
1738 1433 2129 1514 κρειόντων,

281 1530 429 1597 εἰπέ
468 1557 582 1617 μοι
627 1531 964 1618 εἰρομένῃ·
1010 1536 1081 1598 τί
1102 1534 1204 1602 ,νύ
1251 1555 1353 1597 τοι
1399 1536 1558 1609 νόος
1602 1536 1838 1599 ἔνδοθι
1883 1535 2141 1610 κεύθεις

172 1660 253 1701 4⁰15
281 1636 323 1720 ἢ
368 1636 665 1720 προτέρω
709 1641 1000 1722 πόλεμόν
1044 1660 1114 1702 τε
1159 1640 1365 1702 κακὸν
1409 1636 1519 1702 καὶ
1564 1640 1857 1723 φύλοπιν
1903 1641 2099 1723 αἰνὴν

278 1743 556 1826 τεύξεις,
601 1739 643 1826 ἦ
689 1746 1008 1827 φιλότητα
1053 1741 1189 1826 μετ’
1238 1741 1673 1827 ἀμφοτέροισι
1716 1748 2015 1827 τίθησθα
2027 1744 2090 1823 ;“

366 1850 489 1932 τὴν
536 1844 595 1913 δ’
657 1847 1181 1932 ἀπαμειβόμενος
1233 1847 1532 1933 προσέφη
1588 1848 2062 1935 νεφεληγερέτα
2109 1851 2297 1927 Ζεύς·

370 1952 647 2036 ,,τέκνον
696 1954 889 2038 ἐμόν,
931 1958 1004 2018 τί
1041 1977 1121 2037 με
1165 1962 1376 2019 ταῦτα
1423 1956 1698 2039 διείρεαι
1741 1950 1861 2037 ἡδὲ
1905 1959 2253 2041 μεταλλᾷς;

279 2056 360 2122 οὐ
406 2059 530 2140 γὰρ
579 2059 661 2141 δὴ
707 2054 1111 2141 τοῦτονομὲν
1160 2057 1559 2142 ἐβούλευσας
1602 2063 1767 2125 νόον
1818 2059 2015 2142 αὐτή,

104 2157 127 2166 ’
170 2183 251 2224 480
281 2162 371 2237 ὡς
415 2163 563 2245 ἤτοι
610 2165 872 2238 κείνους
910 2160 1224 2238 Ὀδυσεὺς
1269 2162 1647 2228 ἀποτίσεται
1693 2162 1942 2241 ἐλθών;

277 2265 471 2351 ἕρξον
517 2266 694 2343 ὅπως
738 2264 1018 2342 ἐθέλεις·
1067 2265 1228 2351 ἐρέω
1276 2265 1358 2331 δέ
1396 2290 1497 2332 τοι
1544 2268 1632 2342 ὡς
1677 2265 1988 2333 ἐπέοικεν.

277 2368 419 2434 ἐπεὶ
464 2372 547 2454 δὴ
594 2355 968 2456 μνηστῆρας
1013 2369 1268 2437 ἐτίσατο
1316 2372 1462 2447 δῖος
1499 2369 1885 2455 Ὀδυσσεύς,

277 2475 468 2560 ὅρκια
512 2476 711 2541 πιστά
757 2479 1071 2559 ταμόντες
1116 2476 1151 2541 ὁ
1199 2472 1319 2560 μὲν
1366 2475 1766 2560 βασιλευέτω
1814 2479 1973 2560 αἰεί,

275 2580 464 2665 ἡμεῖς
510 2579 572 2645 δ’
616 2576 702 2646 αὖ
748 2583 1006 2646 παίδων
1051 2603 1121 2645 τε
1169 2561 1584 2665 κασιγνήτων
1629 2605 1698 2646 τε
1743 2585 1982 2666 φόνοιο
2152 2650 2164 2663 ,
2249 2661 2258 2671 .

167 2707 247 2748 485
275 2689 544 2785 ἔκλησιν
588 2685 878 2770 θέωμεν·
924 2684 1029 2751 τοὶ
1075 2683 1136 2750 δ’
1179 2685 1508 2769 ἀλλήλους
1553 2691 1924 2772 φιλεόντων
2005 2687 2345 2763 «Ἅμα-κῃ,

292 2794 383 2869 ὡς
424 2793 499 2857 τὸ
544 2792 782 2874 πάρος,
826 2796 1108 2868 πλοῦτος
1155 2788 1229 2856 δὲ
1273 2790 1384 2856 καὶ
1430 2794 1657 2877 εἰρήνη
1705 2794 1852 2870 ἅλις
1896 2795 2123 2859 ἔστω.“

363 2897 451 2973 ὣς
495 2897 700 2964 εἰπὼν
749 2898 1001 2980 ὤτρυνε
1047 2897 1255 2981 πάρος
1300 2909 1630 2980 μεμαυῖαν
1671 2895 1994 2981 Ἀθήνην,

280 3005 366 3085 βῆ
415 2997 488 3066 δὲ
532 2998 671 3066 κατ’
721 2993 1107 3083 Οὐλύμποιο
1154 3003 1463 3084 καρήνων
1510 3000 1763 3078 ἀίξασα.
1801 2995 1806 3004 ’

365 3108 438 3172 σί
479 3103 540 3170 δ’
590 3103 733 3171 ἐπεὶ
780 3100 905 3171 οὖν
951 3109 1160 3171 σίτοιο
1206 3091 1722 3192 μελίφρονος-ἐξ
1770 3109 1926 3192 ἔρον
1972 3107 2152 3191 ἕντο,

165 3233 246 3272 490
274 3222 417 3287 τοῖς
463 3213 592 3297 ἄρα
637 3213 880 3295 μύθων
926 3206 1086 3295 ἦρχε
1133 3213 1463 3288 πολύτλας
1512 3213 1656 3288 δῖος
1692 3210 2070 3289 Ὀδυσσεύς·

366 3315 707 3399 »ἐξελθών
752 3339 851 3393 τις
898 3317 1063 3399 ἴδοι,
1110 3318 1199 3400 μὴ
1248 3317 1331 3399 δὴ
1379 3319 1619 3402 σχεδὸν
1666 3314 1787 3383 ὦσι
1832 3319 2147 3395 κιόντες.“

74 3469 184 3513 Q
363 3419 452 3496 ὣς
495 3418 691 3517 Qfffi'
713 3441 726 3455 ·
774 3420 846 3486 ἐκ
892 3418 952 3485 δ’
998 3415 1448 3498 υίὸςΔολιόυ
1494 3426 1668 3506 κίεν,
1715 3424 1803 3500 ὡς
1848 3422 2130 3489 ἐκέλευε·

271 3535 388 3609 στῆ
430 3519 492 3589 δ’
528 3522 635 3611 ἄρ’
678 3524 779 3591 ἐπ’
815 3526 1022 3593 οὐδὸν
1061 3528 1206 3611 ἰών,
1242 3530 1398 3604 τοὺς
1425 3524 1499 3593 δὲ
1527 3530 1769 3613 σχεδὸν
1795 3530 1999 3595 εἴσιδε
2026 3531 2297 3607 πάντας·
