2650 3909
396 220 478 284 78
766 239 799 289 ρ
837 220 949 289 (17)
986 214 1263 280 ἐπάνοδος
1303 216 1629 287 Τηλεμάχου
1669 215 1747 280 εἰς
1785 215 2030 284 Ἰθάκην.
2639 149 2649 500 1

283 405 362 444 370
480 378 797 465 ,,κέκλυτέ
837 403 994 463 μευ,
1037 386 1403 463 μνηστῆρες
1447 377 1829 461 ἀγακλειτῆς
1872 379 2236 461 βασιλείης,

388 487 584 552 τοῦδε
630 483 781 570 περὶ
825 484 1072 562 ξείνου·
1126 478 1168 567 ἦ
1214 483 1341 569 γάρ
1388 483 1510 568 μιν’
1546 486 1843 569 πρόσθεν
1890 484 2138 548 ὄπωπα.

388 593 533 674 ἤτοι
579 589 702 675 μέν
749 592 820 657 οί
860 593 1061 676 δεῦρο
1109 589 1407 674 συβώτης
1449 589 1880 674 ἡγεμόνευεν,
2627 505 2649 784 l

389 697 593 762 αὐτὸν
640 694 701 761 δ’
749 697 830 761 οὐ
876 697 1057 780 σάφα
1104 691 1287 779 οἴδα,
1333 698 1546 761 πόθεν
1592 691 1783 778 γένος
1826 695 2082 780 εὔχεται
2127 688 2358 758 εἶναι.“

480 802 569 878 ὣς
615 798 831 885 ἔφατ’,
872 799 1204 877 Ἀντίνοος
1250 797 1311 864 δ’
1360 802 1583 865 ἔπεσιν
1627 803 1917 864 νείκεσσε
1966 799 2296 882 συβώτην·
2524 885 2534 890 —

283 928 362 967 375
481 905 576 992 ,,ὦ
623 907 942 992 ἀριῃωτε
990 909 1285 988 συβῶτα,
1329 908 1401 969 τί
1438 904 1480 987 ἢ
1527 901 1602 968 δὲ
1647 906 1731 968 σὺ
1777 905 1971 970 τόνδε
2016 907 2213 969 πόλιν
2259 899 2332 967 δὲ
2349 881 2610 961 arfinan:

389 1016 654 1097 ῆγαγες;
701 1006 743 1095 ἦ
790 1010 912 1096 οὐχ
960 1012 1106 1087 ἅλις
1148 1004 1307 1094 ἧμιν
1354 1007 1679 1093 ἀλήμονές
1722 1012 1850 1074 εἰσι
1895 1007 2005 1074 καὶ
2049 1010 2271 1093 ἄλλοι,

388 1114 634 1200 πτωχοὶ
679 1114 975 1200 ἀνιηροί,
1020 1117 1267 1180 δαιτῶν
1312 1113 1878 1199 ἀπολυμαντῆρεςς

44 1251 295 1310 *w
388 1216 1747 1411 ἐνὲεῖιγῗῑιῇῑῑοΐξτῑ·δῖῑῐῖῖῖεεῖὶ
1760 1195 2402 1408 ῑῑιῑῖζῑιὲῑεῑῇα

285 1454 365 1493 sao
479 1434 598 1498 τὸν
644 1428 709 1496 δ’
753 1430 1277 1515 ἀπαμειβόμενος
1320 1419 1686 1515 προσέφης,
1729 1431 1982 1515 Εὔμαιε
2029 1434 2313 1513 συβῶτα·

482 1531 832 1620 ,,Ἀντίνο’,
877 1537 958 1603 οὐ
1004 1533 1126 1620 μὲν
1171 1537 1340 1602 καλὰ
1384 1534 1494 1601 καὶ
1539 1534 1781 1612 ἐσθλὸς
1825 1534 1954 1601 ἐὼν
1998 1534 2359 1620 ἀγορεύεις·

390 1646 488 1719 τίς
532 1643 658 1726 γὰρ
707 1643 790 1726 δὴ
837 1642 1057 1721 ξεῖνον
1100 1646 1290 1706 καλεῖ
1329 1642 1622 1706 ἄλλοθεν
1668 1640 1863 1716 αὐτὸς
1908 1639 2211 1705 ἐπελθὼν

392 1748 598 1812 ἄλλόν
642 1742 738 1830 γ’,
783 1749 847 1811 εἰ
888 1747 976 1829 μὴ
1021 1757 1186 1827 τῶν,
1234 1748 1304 1811 οἳ
1346 1742 1729 1829 δημιοεργοὶ
1773 1746 1946 1827 ἔασι,

391 1851 628 1935 μάντιν
674 1850 715 1933 ἢ
765 1851 994 1935 ἰητῆρα
1037 1859 1256 1915 κακῶν
1301 1849 1344 1932 ἢ
1389 1847 1661 1914 τέκτονα
1706 1849 1747 1912 δ
1746 1845 2210 1941 ούρων,μ“·ὴ·τ
2221 1857 2332 1946 (ᾖ
2369 1833 2644 1936 oli-ſtra*

285 1978 364 2018 385
390 1953 431 2037 ἢ
476 1952 586 2020 καὶ
631 1951 874 2020 θέσπιν
919 1953 1185 2036 ἀοιδόν,
1231 1954 1268 2017 ὅ
1313 1977 1429 2018 κεν
1474 1952 1790 2039 τέρπῃσιν
1836 1953 2109 2032 ἀείδων;

134 2033 183 2120 ’.ι
202 2079 359 2124 mm
391 2056 577 2125 οὗτοι
621 2061 748 2145 γὰρ
792 2063 1028 2158 κλητοί
1065 2082 1139 2142 γε
1186 2063 1447 2144 βροτῶν
1491 2053 1592 2155 ἐπ’
1635 2058 1952 2145 ἀπείρονα
1996 2070 2215 2144 γαῖαν·
2325 2081 2484 2122 «Νὴ

389 2166 651 2249 πτωχὸν
698 2162 758 2230 δ’
803 2164 926 2231 οὐκ
969 2166 1053 2230 ἄν
1097 2188 1196 2241 τις
1239 2162 1465 2231 καλέοι
1509 2164 1831 2250 τρύξοντα
1876 2165 1912 2230 ἓ
1954 2165 2171 2232 αὐτόν.

391 2267 534 2335 ἀλλ’
580 2268 710 2337 αἰεὶ
753 2274 1030 2356 χαλεπὸς
1072 2268 1224 2352 περὶ
1267 2272 1536 2336 πάντων
1581 2272 1676 2348 είς
1719 2274 2114 2357 μνηστήρων

393 2375 650 2461 δμωσὶν
689 2375 1075 2461 Ὀδυσσῆος,
1118 2375 1268 2463 περὶ
1314 2374 1373 2442 δ’
1422 2372 1563 2442 αὖτ’
1610 2376 1763 2461 ἐμοί
1767 2397 1783 2413 ·
1832 2378 2037 2462 αὐτὰρ
2085 2379 2288 2461 ἔγωγε

286 2503 365 2543 390
393 2482 516 2549 οὐκ
560 2481 807 2567 ἀλέγω,
851 2485 1001 2561 εἵως
1044 2507 1158 2567 μοι
1204 2480 1501 2568 ἐχέφρων
1549 2485 1966 2567 Πηνελόπεια

395 2589 541 2666 ζώει
588 2586 688 2653 ἐνὶ
732 2588 1041 2672 μεγάροις
1084 2584 1193 2651 καὶ
1248 2584 1622 2671 Τηλέμαχος
1664 2585 2030 2669 θεοειδής.“

480 2693 599 2756 τὸν
646 2689 706 2756 δ’
753 2687 839 2756 αὖ
896 2687 1268 2774 Τηλέμαχος
1310 2688 1726 2772 πεπνυμένος
1769 2689 1998 2754 ἀντίον
2043 2690 2241 2773 ηὔδα·

484 2798 712 2878 ,,σίγα,
757 2798 846 2879 μή
893 2819 1005 2879 μοι
1050 2803 1287 2860 τοῦτον
1334 2793 1599 2877 ἀμείβεο
1643 2791 1829 2860 πόλλ’
1878 2792 2202 2860 ἐπέεσσιν·

388 2897 721 2975 Ἀντίνοος
766 2896 828 2964 δ’
871 2904 1068 2964 εἴωθε
1112 2909 1329 2975 κακῶς
1374 2895 1748 2983 ἐρεθιζέμεν
1794 2897 1922 2965 αἰεὶ

286 3024 366 3067 ³95
392 3005 715 3088 μύθοισιν
760 3010 1176 3091 χαλεποῖσιν,
1222 3002 1571 3089 ἐποτρύνει
1618 3001 1693 3069 δὲ
1737 3002 1846 3070 καὶ
1891 3006 2191 3083 ἄλλους.“

480 3106 522 3194 ἧ
569 3110 655 3196 ῥα
697 3109 809 3176 καὶ
847 3107 1184 3177 Ἀντίνοον
1231 3111 1388 3174 ἔπεα
1432 3114 1789 3196 πτερόεντα
1832 3112 2202 3197 προσηύδα·

482 3212 829 3300 ,,Ἀντίνο’,
874 3210 916 3299 ἦ
962 3239 1086 3299 μευ
1129 3216 1298 3280 καλὰ
1344 3217 1557 3300 πατὴρ
1605 3215 1694 3294 ὣς
1735 3217 1966 3299 κήδεαι
2010 3206 2186 3300 υἷος,

392 3320 465 3398 ὃς
508 3323 626 3387 τὸν
671 3320 891 3399 ξεῖνον
936 3322 1197 3404 ἄνωγας
1243 3319 1370 3386 ἀπὸ
1416 3320 1730 3405 μεγάροιο
1779 3322 2046 3386 δίεσθαι

391 3426 589 3513 μύθῳ
636 3424 997 3515 ἀναγκαίῳ·
1044 3426 1134 3509 μὴ
1180 3435 1375 3491 τοῦτο
1419 3427 1579 3502 θεὸς
1623 3425 1919 3491 τελέσειε.

285 3553 367 3594 400
394 3534 509 3608 δός
552 3531 624 3597 οἱ
663 3527 858 3595 ἑλών·
905 3530 988 3596 οὔ
1032 3553 1135 3596 τοι
1179 3528 1483 3615 φθονέω·
1528 3529 1799 3615 κέλομαι
1844 3532 1970 3617 γὰρ
2018 3534 2243 3616 ἔγωγε.
