2650 3909
636 277 667 326 ρ
706 258 817 326 (17)
857 251 1135 319 ἐπάνοδος
1175 254 1502 327 Τηλεμάχου
1541 255 1621 319 εἰς
1650 252 1902 326 Ἰθάκην.
2192 253 2276 319 75

258 417 324 479 εἰ
366 412 428 480 δ’
476 414 762 499 ε’θέλεις,
808 415 1178 500 ἐπίμεινον,
1223 416 1353 500 ἐγὼ
1401 415 1464 481 δ’
1507 412 1641 501 εἶμι
1685 417 2116 502 προπάροιθε.

260 521 349 603 μὴ
399 517 474 585 δὲ
520 524 604 586 σὺ
653 522 1009 605 δηθύνειν,
1056 524 1144 607 μή
1189 525 1288 599 τίς
1334 518 1396 587 σ’
1438 524 1711 587 ἔκτοσθε
1754 524 2001 604 νοήσας
2209 579 2227 599 ,

259 625 301 708 ἢ
347 625 517 711 βάλῃ
564 627 606 710 ἢ
653 626 871 714 ἐλάσῃ.
961 627 1041 692 τὰ
1086 625 1166 691 δέ
1207 643 1280 692 σε
1325 627 1696 712 φράζεσθαι
1740 627 1983 709 ἄνωγα.
1985 626 2031 663 “
2087 605 2330 686 Q

150 753 231 794 280
346 734 465 798 τὸν
511 727 573 796 δ’
610 721 903 817 ἠμείβετ’
949 734 1168 797 ἔπειτα
1211 733 1541 810 πολύτλας
1585 734 1729 808 δῖος
1767 728 2145 807 Ὀδυσσεύς·

347 838 728 921 ,,γινώσκω,
774 834 1067 923 φρονέω·
1113 837 1195 902 τά
1240 861 1314 921 γε
1362 839 1445 921 δὴ
1491 836 1752 903 νοέοντι
1797 837 2104 911 κελεύεις,

258 939 399 1006 ἀλλ’
446 944 638 1027 ἔρχευ
682 943 1171 1028 προπάροιθεν,
1217 942 1347 1026 ἐγὼ
1397 940 1458 1007 δ’
1504 943 1947 1026 ὑπολείψομαι
1993 940 2227 1005 αὐτοῦ·

257 1046 339 1112 οὐ
386 1048 509 1133 γάρ
554 1070 618 1112 τι
662 1046 968 1131 πληγέων
1013 1047 1334 1132 ἀδαήμων
1380 1044 1540 1114 οὐδὲ
1585 1047 1864 1132 βολάων.

256 1155 558 1235 τολμήεις
601 1175 715 1235 μοι
759 1156 1010 1236 θυμός,
1057 1150 1197 1217 ἐπεὶ
1240 1153 1410 1218 κακὰ
1455 1152 1668 1217 πολλὰ
1712 1149 2017 1217 πέπονθα

150 1278 232 1318 285
258 1247 514 1342 κύμασί
545 1254 656 1322 καὶ
701 1257 990 1346 πολέμφ·
1039 1259 1198 1341 μετὰ
1242 1256 1354 1322 καὶ
1399 1259 1551 1324 τόδε
1597 1269 1770 1323 τοῖσι
1816 1255 2135 1342 γενέσθω.

257 1360 542 1447 γαστέρα
590 1359 653 1426 δ’
699 1363 780 1427 οὔ
824 1383 963 1438 πως
1008 1360 1192 1428 ἐστιν
1238 1361 1616 1447 ἀποκρύψαι
1662 1374 2021 1447 μεμαυῖαν,

258 1466 662 1551 οὐλομένην,
706 1467 748 1550 ἢ
793 1468 1004 1533 πολλὰ
1048 1464 1192 1531 κάκ’
1237 1466 1658 1552 ἀνθρώποισι
1704 1468 1974 1548 δίδωσι,

256 1580 371 1655 τῆς
415 1571 638 1637 ἕνεκεν
682 1570 793 1636 καὶ
836 1580 990 1656 νῆες
1035 1570 1296 1654 ἐύζυγοι
1344 1572 1721 1650 ὁπλίζονται

258 1681 505 1744 πόντον
551 1674 647 1743 ἐπ’
693 1677 1085 1763 ἀτρύγετον,
1129 1679 1296 1742 κακὰ
1344 1676 1773 1762 δυσμενέεσσι
1817 1675 2203 1760 φέρουσαι.“

24 1835 26 1846 ,
152 1802 233 1844 290
348 1782 437 1860 ὣς
482 1784 553 1847 οἱ
591 1780 715 1867 μὲν
759 1792 1031 1849 τοιαῦτα
1076 1784 1241 1867 πρὸς
1285 1781 1614 1867 ἀλλήλους
1659 1781 2011 1866 ἀγόρευον·

259 1886 343 1951 ἂν
390 1884 464 1952 δὲ
507 1887 690 1980 κύων
734 1889 1029 1973 κεφαλήν
1073 1910 1142 1953 τε
1186 1889 1297 1952 καὶ
1345 1889 1551 1953 οὔατα
1597 1890 1895 1972 κείμενος
1940 1888 2165 1970 ἔσχεν,

246 1982 511 2076 Ἄργος,
550 1990 905 2077 Ὀδυσσῆος
948 1996 1472 2078 ταλασίφρονος,
1518 1993 1598 2058 ὅν
1645 1993 1730 2079 ῥά
1774 1989 1917 2058 ποτ’
1960 1990 2158 2066 αὐτὸς

258 2095 470 2182 θρέψε
516 2097 663 2181 μέν,
709 2098 792 2163 οὐ
830 2094 892 2162 δ’
939 2095 1263 2182 ἀπόνητο,
1307 2099 1514 2183 πάρος
1560 2095 1621 2163 δ’
1666 2100 1760 2175 εἰς
1787 2096 1995 2161 Ἴλιον
2042 2096 2191 2181 ἱρὴν

263 2200 485 2288 ᾤχετο.
574 2204 691 2268 τὸν
738 2198 814 2266 δὲ
858 2203 1186 2286 πάροιθεν
1236 2202 1588 2292 ἀγίνεσκον
1631 2201 1772 2269 νέοι
1818 2203 2057 2286 ἄνδρες
2196 2165 2290 2268 (εὖ

155 2325 234 2368 295
260 2302 450 2389 αἶγας
493 2304 591 2370 ἐπ’
635 2304 992 2390 ἀγροτέρας
1034 2303 1155 2388 ηδὲ
1200 2310 1451 2400 πρόκας
1494 2304 1615 2390 ἠδὲ
1661 2308 1986 2389 λαγωούς·
2107 2296 2176 2376 ..ἢ
2163 2325 2240 2372 ι-

263 2413 345 2495 δὴ
390 2414 535 2476 τότε
580 2409 733 2476 κεῖτ’
778 2402 1148 2514 ἀπόθεστος
1192 2409 1664 2496 ἀποιχομένοιο
1710 2412 1991 2487 ἄνακτος
2091 2389 2244 2482 ἀὖ
2235 2405 2342 2484 kd

263 2515 337 2581 ἐν
379 2520 589 2600 πολλῇ
635 2519 888 2604 κόπρω,
932 2515 974 2598 ἥ
1022 2516 1093 2581 οἱ
1129 2516 1549 2601 προπάροιθε
1595 2516 1877 2600 θυράων

260 2620 558 2704 ἡμιόνων
601 2642 669 2684 τε
715 2624 896 2704 βοῶν
940 2643 1010 2685 τε
1056 2621 1202 2698 ἅλις
1245 2617 1491 2706 κέχυτ’,
1536 2618 1691 2706 ὄφρ’
1733 2619 1816 2685 ἂν
1862 2621 2090 2703 ἄγοιεν

263 2727 475 2809 δμῶες
512 2723 871 2807 Ὀδυσσῆος
914 2722 1183 2808 τέμενος
1228 2723 1394 2807 μέγα
1438 2726 1914 2810 κοπρήσοντες

157 2853 238 2892 300
265 2833 434 2895 ἔνθα
477 2832 658 2895 κύων
704 2827 861 2895 κεῖτ’
891 2828 1134 2915 ’Ἀργος
1178 2829 1504 2907 ἐνίπλειος
1547 2829 2049 2922 κυνοραιστέων.
2096 2850 2381 2904 υυνννψν,

266 2936 348 3018 δὴ
394 2939 538 3001 τότε
582 2930 675 3018 γ’,
721 2936 811 3011 ὡς
855 2933 1131 3018 ἐνόησεν
1171 2932 1490 3000 Ὀδυσσέα
1538 2935 1735 3020 ἐγγὺς
1779 2935 2005 3020 ἐόντα,

265 3040 430 3127 οὐρῇ
476 3038 599 3123 μέν
644 3038 704 3125 ῥ’
750 3040 787 3104 ὅ
833 3037 892 3122 γ’
941 3042 1132 3124 ἔσηνε
1178 3038 1288 3105 καὶ
1336 3042 1541 3106 οὔατα
1581 3041 1917 3124 κάμβαλεν
1962 3042 2194 3125 ἄμφω,

263 3147 474 3210 ἄσσον
521 3141 581 3209 δ’
627 3143 839 3212 οὐκέτ’
892 3147 1111 3210 ἔπειτα
1157 3147 1491 3229 δυνήσατο
1537 3138 1641 3211 οἷο
1687 3147 1968 3222 ἄνακτος

267 3248 562 3335 ἐλθέμεν.
653 3251 859 3333 αὐτὰρ
907 3251 943 3316 ὁ
988 3255 1233 3335 νόσφιν
1281 3252 1449 3317 ἰδὼν
1495 3250 1905 3336 ἀπομόρξατο
1952 3251 2195 3338 δάκρυ,

160 3377 239 3417 805
267 3354 411 3441 ῥεῖα
455 3357 686 3420 λαθὼν
730 3356 1066 3440 Εὔμαιον,
1111 3357 1291 3441 ἄφαρ
1341 3351 1403 3421 δ’
1449 3356 1770 3441 ἐρεείνετο
1817 3359 2042 3445 μύθῳ·

357 3458 672 3545 ,,Εὔμαι’,
715 3456 757 3544 ἦ
806 3461 979 3545 μάλα
1024 3468 1253 3547 θαῦμα
1297 3463 1481 3527 κύων
1528 3463 1642 3528 ὅδε
1688 3460 1842 3528 κεῖτ’
1893 3460 1995 3528 ἐνὶ
2040 3467 2284 3552 κόπρῳ.

269 3567 465 3641 καλὸς
508 3561 630 3648 μὲν
677 3565 875 3650 δέμας
920 3566 1131 3651 ἐστίν,
1178 3566 1343 3653 ἀτὰρ
1388 3569 1538 3632 τόδε
1584 3564 1649 3650 γ’
1696 3568 1778 3634 οὐ
1824 3568 2002 3653 σάφα
2049 3564 2230 3651 οἶδα,
