2650 3909
704 249 733 313 ξ
771 249 883 317 (14)
916 244 1216 311 Ὀδυσσέως
1251 248 1391 318 πρὸς
1428 248 1683 319 Εὔμαιον
1721 247 1921 320 ὁμιλία.
2239 247 2322 311 19

313 407 523 493 αὐτὰρ
571 405 712 473 ἐπεὶ
758 410 1066 492 δείπνησε
1111 405 1222 473 καὶ
1265 409 1469 513 ἤραρε
1511 412 1738 492 θυμὸν
1784 409 2031 495 ἐδωδῇ,
2051 371 2433 493 Qst-G)

312 517 429 579 καί
469 514 539 579 οἰ
577 514 993 598 πλησάμενος
1039 516 1206 578 δῶκε
1253 515 1534 599 σκύφος,
1580 509 1632 603 ᾧ
1679 536 1800 600 περ
1847 517 2092 597 ἔπινεν,

312 625 502 685 οἴνου
551 618 908 684 ἐνίπλειον·
956 619 993 684 ὁ
1041 616 1102 683 δ’
1136 618 1441 701 ἐδέξατο,
1486 630 1669 705 χαῖρε
1717 616 1790 685 δὲ
1834 626 2066 708 θυμῷ,

311 727 429 788 καί
468 747 585 806 μιν
630 725 942 809 φωνήσας
986 726 1142 789 ἔπεα
1187 728 1542 811 πτερόεντα
1584 726 1954 809 προσηύδα·

204 849 283 889 115
402 824 497 912 ,,ὦ
544 834 729 913 φίλε,
773 832 872 905 τίς
915 829 1040 914 γάρ
1088 845 1159 894 σε
1204 832 1439 921 πρσίᾳτο
1484 829 1858 895 κτεάτεσσιν
1904 827 2143 914 ἑοῖσιν,
2197 802 2530 936 (ιτνκιγίκῖ
2619 888 2640 897 ..

312 927 440 998 ὧδε
487 929 638 1017 μάλ’
683 932 955 1018 ἀφνειὸς
997 932 1109 999 καὶ
1152 937 1498 1021 καρτερός,
1544 937 1633 1012 ὡς
1676 934 2043 1021 ἀγορεύεις;

310 1037 442 1124 φῂς
488 1037 547 1103 δ’
594 1038 797 1106 αὐτὸν
842 1043 1136 1125 φθίσθαι
1173 1038 1660 1125 Ἀγαμέμνονος
1703 1042 1921 1106 εἵνεκα
1965 1050 2170 1125 τιμῆς.

310 1143 457 1208 εἰπέ
494 1167 640 1227 μοι,
687 1151 766 1210 αἴ
800 1143 880 1209 κέ
916 1151 1082 1210 ποθι
1128 1147 1320 1228 γνώω
1367 1156 1673 1212 τοιοῦτον
1719 1145 1930 1212 ἐόντα.

313 1252 480 1324 Ζεὺς
525 1249 650 1335 γάρ
695 1270 824 1316 που
870 1252 944 1315 τό
991 1273 1065 1333 γε
1110 1246 1251 1315 οἶδε
1296 1249 1406 1316 καὶ
1452 1251 1775 1317 ἀθάνατοι
1817 1249 1971 1316 θεοὶ
2016 1252 2204 1316 ἄλλοι
2222 1300 2244 1333 ,

206 1375 284 1415 120
310 1359 379 1419 εἴ
413 1351 493 1418 κέ
532 1378 646 1437 μιν
693 1354 1064 1438 ἀγγείλαιμι
1112 1355 1300 1420 ἰδών·
1350 1353 1456 1420 ἐπὶ
1500 1357 1711 1420 πολλὰ
1757 1353 1822 1419 δ’
1862 1354 2185 1440 ἀλήθην.“

398 1460 515 1524 τὸν
562 1454 626 1523 δ’
672 1457 956 1543 ἠμείβετ’
1000 1462 1218 1525 ἔπειτα
1263 1461 1593 1546 συβώτης,
1639 1463 1923 1545 ὄρχαμος
1966 1460 2257 1544 ἀνδρῶν·

399 1560 495 1647 ,,ὦ
541 1563 773 1650 γέρον,
818 1565 901 1630 οὔ
945 1588 1043 1641 τις
1087 1576 1311 1631 κεῖνον
1356 1563 1524 1649 ἀνὴρ
1571 1563 1979 1649 ἀλαλήμενος
2023 1564 2242 1630 ἐλθὼν

311 1666 649 1751 ἀγγέλλων
694 1673 936 1736 πείσειε
981 1671 1262 1753 γυναῖκά
1307 1693 1377 1735 τε
1422 1669 1533 1736 καὶ
1578 1675 1779 1755 φίλον
1823 1671 2007 1753 υἱόν,
2356 1748 2373 1765 ⁴

311 1772 454 1838 ἀλλ’
497 1776 711 1851 ἄλλως
754 1777 1031 1867 κομιδῆς
1074 1774 1463 1875 κεχρημένοι
1507 1776 1745 1861 ἄνδρες
1790 1775 2020 1859 ἀλῆται
2044 1762 2650 1851 msa-&aumas

206 1901 284 1941 125
310 1875 652 1963 ψεύδοντ’,
699 1877 846 1945 οὐδ’
888 1879 1242 1946 ἐθέλουσιν
1288 1878 1541 1964 ἀληθέα
1585 1882 2036 1964 μυθήσασθαι.

313 1984 384 2061 ὃς
429 1983 509 2049 δέ
549 1982 610 2050 κ’
653 1985 991 2069 ἀλητεύων
1030 1983 1290 2070 Ἰθάκης
1336 1985 1401 2062 ἐς
1446 1988 1658 2070 δῆμον
1702 1987 1950 2069 ἵκηται,

314 2088 537 2155 ἐλθὼν
584 2089 651 2167 ἐς
695 2088 1053 2155 δέσποιναν
1100 2089 1264 2174 ἐμὴν
1310 2088 1633 2175 ἀπατήλια
1676 2091 1887 2175 βάζει·

311 2194 351 2278 ἡ
399 2192 475 2287 δ’,
505 2189 580 2259 εὖ
626 2193 947 2280 δεξαμένη
992 2194 1205 2280 φιλέει
1250 2193 1362 2260 καὶ
1407 2194 1642 2260 ἕκαστα
1686 2199 2006 2286 μεταλλᾷ,
2195 2211 2334 2253 am

312 2303 428 2365 καί
469 2300 540 2366 οἰ
580 2299 954 2386 ὀδυρομένῃ
1001 2300 1354 2384 βλεφάρων
1399 2301 1527 2365 ἄπο
1575 2301 1828 2382 δάκρυα
1872 2304 2120 2384 πίπτει,

206 2427 284 2468 130
310 2404 352 2488 ἣ
396 2404 592 2489 θέμις
637 2403 773 2470 ἐστὶ
818 2406 1161 2488 γυναικός,
1207 2402 1370 2487 ἐπὴν
1413 2406 1605 2480 πόσις
1649 2403 1885 2471 ἄλλοθ’
1928 2408 2172 2489 ὄληται.

312 2505 476 2587 αἶψά
518 2533 591 2575 κε
637 2508 747 2575 καὶ
792 2510 907 2592 σύ,
952 2506 1203 2595 γεραιέ,
1248 2510 1404 2585 ἔπος
1446 2512 1995 2595 παρατεκτήναιο,

313 2622 381 2680 εἴ
417 2619 515 2692 τίς
558 2637 660 2680 τοι
704 2614 981 2700 χλαῖνάν
1027 2637 1096 2679 τε
1141 2614 1386 2699 χιτῶνά
1431 2638 1498 2679 τε
1544 2615 1772 2698 εἵματα
1819 2615 1986 2699 δοίη.

310 2728 432 2786 τοῦ
478 2718 537 2785 δ’
581 2720 710 2804 ἤδη
755 2716 1068 2803 μέλλουσι
1113 2720 1309 2796 κύνες
1353 2719 1574 2805 ταχέες
1616 2717 1675 2785 τ’
1718 2718 1947 2786 οἰωνοὶ

312 2825 505 2910 ῥινὸν
550 2823 661 2890 ἀπ’
705 2825 1016 2910 ὀστεόφιν
1061 2823 1324 2908 ἐρύσαι,
1369 2827 1547 2909 ψυχὴ
1595 2822 1669 2890 δὲ
1716 2824 2045 2892 λέλοιπεν·

209 2951 286 2992 185
313 2929 354 3013 ἣ
399 2932 518 2995 τόν
562 2928 622 3014 γ’
669 2929 742 2995 ἐν
786 2934 1006 3019 πόντςο
1051 2930 1268 3015 φάγον
1316 2932 1571 3015 ἰχθύες,
1620 2930 1812 2997 ὀστέα
1858 2930 1919 2996 δ’
1960 2932 2167 2997 αὐτοῦ

311 3046 519 3101 κεῖται
564 3033 662 3100 ἐπ’
708 3035 982 3118 ἠπείρου
1026 3036 1320 3124 ψαμάθῳ
1366 3033 1677 3119 εἰλυμένα
1719 3041 1947 3120 πολλῇ.

314 3140 401 3217 ὣς
446 3141 483 3207 ὁ
528 3136 651 3224 μὲν
697 3137 847 3205 ἔνθ’,
886 3139 1217 3224 ἀπόλωλε,
1261 3144 1516 3224 φίλοισι
1562 3136 1636 3205 δὲ
1680 3137 1853 3225 κήδε’
1906 3140 2153 3205 ὀπίσσω

310 3254 537 3330 πᾶσιν,
584 3243 728 3329 ἐμοὶ
776 3242 850 3311 δὲ
895 3245 1197 3330 μάλιστα,
1242 3246 1638 3330 τετεύχαται·
1687 3244 1767 3310 οὐ
1811 3244 1938 3330 γὰρ
1984 3232 2072 3309 ἔτ’
2113 3246 2319 3313 ἄλλον

310 3352 511 3434 ἤπιον
557 3345 685 3416 ὧδε
730 3352 976 3417 ἄνακτα
1022 3351 1407 3435 κιχήσομαι,
1453 3346 1688 3415 ὁππόσ’
1730 3346 2022 3432 ἐπέλθω,

209 3477 287 3517 140
313 3454 461 3522 οὐδ’
506 3463 575 3521 εἴ
611 3480 727 3522 κεν
771 3459 1014 3542 πατρὸς
1058 3453 1165 3522 καὶ
1211 3454 1489 3540 μητέρος
1533 3449 1716 3532 αὖτις
1760 3455 1998 3539 ἵκωμαι

313 3556 532 3644 οἷκον,
579 3561 698 3626 ὅθι
741 3572 1005 3646 πρῶτον
1051 3563 1341 3645 γενόμην
1386 3564 1502 3627 καί
1540 3558 1607 3646 μ’
1650 3564 1925 3648 ἔτρεφον
1972 3562 2177 3627 αὐτοί.

1831 3665 1904 3699 6)*
