2650 3909
341 227 466 291 152
992 250 1024 298 χ
1062 230 1175 298 (22)
1212 231 1688 298 μνηστηροφονία.

333 396 412 472 τῆ
458 386 645 474 ἑτέρῃ
692 385 814 472 μὲν
859 387 1030 474 χειρὶ
1074 387 1298 474 φέρων
1344 390 1554 472 καλὴν
1600 389 2036 473 τρυφάλειαν,
2078 350 2390 481 [mom-«21.

84 472 166 552 ab
334 502 413 577 τῆ
460 487 521 557 δ’
567 491 754 578 ἑτέρῃ
801 494 999 571 σάκος
1042 494 1207 578 εὐρὺ
1252 492 1336 577 γέ
1466 542 1486 577 ,
1531 480 2035 589 πεπαζξγμένον
2081 494 2234 594 ῥίζῃ,
2255 476 2517 611 Ἥ
2626 520 2627 525 ’

231 620 309 659 185
337 595 646 680 Λαέρτεω
692 517 1455 685 ἥρωόςῒΠῖυᾟῇν
1438 597 1781 685 φορέεσκε·
2628 614 2629 641 ³

338 704 420 786 δὴ
467 707 610 769 τότε
659 701 722 787 γ’
760 706 889 787 ἤδη
934 716 1141 788 κεῖτο,
1188 703 1397 796 ῥαφαὶ
1445 701 1506 769 δ’
1551 702 1857 769 ἐλέλυντο
1906 704 2453 786 ίμάντωνἋιιιωω

336 809 426 872 τὼ
475 803 535 872 δ’
578 806 683 893 ἄρ’
731 806 1077 886 ἐπαῑξανθ’
1119 806 1351 890 ἑλέτην
1398 808 1644 892 ἔρυσάν
1689 806 1765 872 τέ
1803 831 1919 892 μιν
1964 814 2120 873 εἴσω

62 900 140 992 lp,
161 892 309 965 ¹2⁰¹?st
336 914 597 1000 κουρίξ,
644 914 716 978 ἐν
762 911 1025 1000 δαπέδῳ
1073 910 1149 977 δὲ
1194 911 1393 997 χαμαὶ
1438 913 1646 996 βάλον
1693 912 2068 996 ἀχνύμενον
2112 922 2268 995 κῆρ,

337 1020 463 1082 σὺν
509 1014 584 1083 δὲ
628 1020 837 1094 πόδας
880 1019 1102 1103 χεῖράς
1145 1041 1215 1083 τε
1261 1015 1420 1083 δέον
1464 1016 1798 1101 θυμαλγέι
1844 1019 2063 1103 δεσμῷ

232 1144 309 1183 190
336 1117 411 1186 εὖ
456 1120 608 1205 μάλ’
660 1120 1150 1206 ἀποστρέψαντε
1200 1122 1582 1208 διαμπερές,
1629 1123 1717 1199 ὡς
1764 1121 2088 1188 ἐκέλευσε·

233 1248 311 1288 192
337 1228 568 1309 σειρὴν
614 1224 688 1291 δὲ
731 1230 1015 1311 πλεκτὴν
1062 1227 1128 1306 ἐξ
1175 1227 1384 1293 αὐτοῦ
1429 1230 1820 1311 πειρήναντε

336 1330 504 1398 κίον’
547 1331 653 1397 ἀν’
699 1334 966 1417 ὑψηλὴν
1012 1336 1260 1419 ἔρυσαν
1305 1333 1599 1399 πέλασάν
1644 1357 1715 1398 τε
1760 1334 2037 1399 δοκοῖσι.

336 1439 454 1503 τὸν
501 1436 560 1501 δ’
608 1436 1085 1524 ἐπικερτομέων
1133 1438 1503 1526 προσέφης,
1548 1440 1805 1524 Εὔμαιε
1851 1443 2141 1523 συβῶτα·
2184 1448 2188 1452 “

233 1564 309 1604 195
429 1554 599 1627 ,,νῦν
626 1541 748 1628 μὲν
778 1546 861 1628 δὴ
889 1546 1064 1628 μάλα
1092 1545 1334 1630 πάγχυ,
1368 1545 1744 1628 Μελάνθιε,
1781 1545 1987 1609 νύκτα
2023 1542 2357 1628 φυλάξεις,

336 1649 497 1733 εὐνῇ
544 1652 646 1714 ἔνι
690 1655 945 1735 μαλακῇ
992 1649 1503 1733 καταλέγμενος,
1547 1650 1637 1727 ὥς
1683 1666 1755 1714 σε
1803 1651 2041 1714 ἔοικεν·

338 1748 497 1818 οὐδὲ
543 1751 677 1834 σέγ’
723 1752 1056 1837 ἠριγένεια
1102 1751 1255 1837 παρ’
1301 1752 1640 1818 Ὠκεανοῖο
1688 1752 1912 1836 ῥοάων

337 1859 521 1939 λήσει
568 1855 965 1941 ἐπερχομένη
1013 1859 1503 1941 χρυσόθρονος,
1547 1853 1720 1938 ἡνίκ’
1763 1854 2010 1937 ἀγινεῖς

337 1957 524 2044 αἶγας
568 1964 1011 2044 μνηστήρεσσι
1058 1962 1268 2043 δόμον
1313 1961 1476 2024 κάτα
1524 1961 1714 2024 δαῖτα
1758 1957 2142 2025 πένεσθαι.“

232 2090 310 2129 200
427 2065 513 2142 ὣς
559 2066 595 2131 ὁ
643 2062 765 2150 μὲν
811 2060 977 2129 αὖθι
1022 2063 1319 2130 λέλειπτο
1366 2062 1593 2141 ταθεὶς
1637 2064 1809 2152 ὀλοῷ
1860 2063 1961 2130 ἐνὶ
2007 2068 2253 2154 δεσμῷ·

335 2172 425 2236 τὼ
473 2167 534 2234 δ’
580 2170 646 2247 ἐς
689 2172 921 2256 τεύχεα
969 2171 1196 2253 δύντε,
1241 2170 1466 2255 θύρην
1515 2169 1818 2235 ἐπιθέντε
1863 2174 2178 2256 φαεινήν,

337 2277 546 2359 βήτην
592 2278 686 2352 εἰς
722 2272 1008 2355 Ὀδυσῆα
1054 2277 1418 2360 δαΐφρονα,
1462 2278 1956 2360 ποικιλομήτην.

337 2385 506 2447 ἔνθα
551 2381 747 2466 μένος
790 2387 1128 2458 πνείοντες
1174 2380 1539 2466 ἐφέστασαν
1553 2430 1572 2464 ,
1618 2383 1690 2447 oc
1728 2378 1851 2465 μὲν
1897 2380 1994 2447 ἐπ’
2041 2383 2249 2459 οὐδοῦ

338 2485 677 2572 τέσσαρες,
732 2489 806 2554 οί
845 2485 907 2553 δ’
966 2490 1242 2553 ἔντοσθε
1291 2488 1518 2571 δόμων
1561 2485 1791 2564 πολέες
1836 2511 1903 2552 τε
1949 2487 2059 2552 καὶ
2106 2487 2354 2554 ἐσθλοί.

233 2616 310 2656 205
339 2602 511 2658 τοῖσι
559 2590 620 2657 δ’
664 2591 760 2658 ἐπ’
808 2593 1170 2678 ἀγχίμολον
1215 2592 1518 2677 θυγάτηρ
1567 2593 1734 2668 Διὸς
1776 2588 1989 2675 ἦλθεν
2029 2591 2304 2677 Ἀθήνη,

337 2695 635 2781 Μέντορι
682 2695 990 2780 εἰδομένη
1036 2691 1202 2780 ἠμὲν
1250 2695 1450 2779 δέμας
1493 2694 1613 2779 ἠδὲ
1657 2694 1768 2761 καὶ
1812 2696 2044 2779 αὐδήν.

337 2804 460 2885 τὴν
506 2799 568 2866 δ’
615 2799 925 2877 Ὀδυσεὺς
970 2803 1267 2884 γήθησεν
1316 2802 1482 2866 ἰδὼν
1525 2799 1636 2866 καὶ
1680 2808 1905 2885 μῦθον
1950 2803 2149 2865 ἔειπε·

63 2914 266 3008 μην»,
429 2905 774 2991 ,Μέντορ,
830 2908 1087 2989 άμυνον
1134 2905 1336 3011 ἀρήν,
1385 2916 1630 2990 μνῆσαι
1677 2903 1739 2971 δ’
1793 2903 2050 2989 ἑτάροιο
2097 2910 2353 2991 φίλοιο,

340 3013 412 3089 ὅς
458 3008 517 3076 σ’
563 3010 786 3094 ἀγαθὰ
832 3009 1163 3097 ῥέζεσκον·
1212 3013 1520 3096 ὁμηλικίη
1567 3009 1648 3075 δέ
1687 3014 1808 3094 μοι’
1848 3009 2050 3076 ἐσσι.“
2141 3073 2151 3086 ,

234 3140 313 3180 210
430 3116 517 3194 ὣς
560 3114 713 3202 φάτ’
762 3116 1067 3200 ὀιόμενος
1112 3120 1440 3210 λαοσσόον
1487 3118 1690 3200 ἔμμεν
1729 3114 2038 3199 Ἀθήνην.
2057 3110 2329 3218 άνιωίὙ
2362 3092 2439 3173 K
2596 3178 2646 3229 Γ

340 3232 702 3308 μνηστῆρες
747 3218 807 3286 δ’
861 3220 1188 3306 ἑτέρωθεν
1233 3222 1553 3307 ὁμόκλεον
1600 3220 1673 3287 ἐν
1718 3222 2085 3305 μεγάροισι·
2321 3192 2577 3243 mh

339 3337 594 3412 πρῶτος
638 3330 761 3411 τήν
806 3324 866 3410 γ’
915 3325 1170 3392 ἐνένιπε
1219 3329 1730 3412 Δαμαστορίδης
1768 3323 2097 3409 Ἀγέλαος·

431 3430 744 3517 ,,Μέντορ
758 3481 778 3515 ,
831 3434 920 3516 μή
972 3430 1030 3496 σ’
1087 3432 1343 3498 ἐπέεσσι
1401 3436 1966 3517 παραιπεπίθῃσιν
2007 3430 2356 3510 Ὀδυσσεὺς

339 3537 781 3621 μνηστήρεσσι
826 3538 1186 3621 μάχεσθαι,
1233 3534 1636 3623 ἀμυνέμεναι
1685 3534 1759 3602 δὲ
1806 3529 1876 3602 οἷ
1917 3538 2112 3626 αὐτῷ.
