2650 3909
913 251 956 284 ω
994 234 1106 300 (24)
1142 230 1214 286 τὰ
1251 227 1313 286 ἐν
1350 232 1622 303 Λαέρτου.
2152 236 2281 299 183

255 394 459 456 τόσσα
505 386 580 455 δὲ
625 390 840 475 φάρεα
885 392 1084 474 καλά,
1128 396 1367 469 τόσους
1411 387 1473 456 δ’
1516 392 1622 458 ἐπὶ
1667 405 1838 460 τοῖσι
1883 407 2192 480 χιτῶνας,

255 493 456 579 χωρὶς
502 492 561 559 δ’
609 490 763 561 αὖτε
810 507 1129 578 γυναῖκας
1174 497 1481 581 ἀμύμονα
1527 497 1662 584 ἔργ’
1708 502 1961 576 εἰδυίας

257 599 607 685 τέσσαρας,
654 602 1024 693 εἰδαλίμας,
1071 602 1148 679 ἃς
1191 604 1437 686 ἤθελεν
1483 604 1679 681 αὐτὸς
1726 602 2058 670 ἑλέσθαι.“
2105 606 2400 706 &mk-3

152 731 231 770 28⁰
345 706 462 770 τὸν
510 703 574 769 δ’
615 702 903 789 ἠμείβετ’
948 709 1168 772 ἔπειτα
1213 710 1427 794 πατὴρ
1473 710 1635 774 κατὰ
1683 710 1974 795 δάκρυον
2018 714 2244 793 εἴβων·

347 808 579 893 ,,ξεῑ”ν’,
622 812 768 894 ἤτοι
813 808 936 895 μὲν
982 824 1180 894 γαῖαν
1230 814 1507 898 ἱκάνεις,
1551 815 1638 898 ἢν
1683 814 2020 901 ἐρεείνεις,

254 914 560 1001 ὑβρισταὶ
608 914 668 981 δ’
714 917 925 1001 αὐτὴν
970 916 1080 983 καὶ
1126 917 1493 986 ἀτάσθαλοι
1540 922 1779 1006 άνδρες
1825 923 2070 1006 ἔχουσι.

260 1022 440 1106 δῶρα
486 1017 546 1086 δ’
593 1020 827 1087 ἐτώσια
872 1031 1075 1088 ταῦτα
1119 1029 1411 1110 χαρίζεο,
1456 1024 1640 1111 μυρί’
1683 1027 1969 1105 ὀπάζων·
2001 1029 2092 1092 v‘vs
2135 1052 2323 1092 u-wv.

256 1128 320 1190 εἰ
363 1127 487 1211 γάρ
534 1150 650 1209 μιν
698 1129 865 1205 ζωόν
911 1151 984 1210 γε
1031 1132 1236 1212 κίχεις
1273 1126 1540 1213 Ἰθάκης
1584 1128 1683 1195 ἐνὶ
1701 1132 1949 1218 δήμῳ,

150 1257 233 1297 285
258 1241 349 1296 τῶ
394 1229 509 1296 κέν
555 1228 612 1296 σ’
660 1226 737 1297 εὖ
784 1233 1102 1318 δώροισιν
1148 1232 1593 1318 ἀμειψάμενος
1638 1234 1974 1318 ἀπέπεμψε

258 1334 368 1400 καὶ
413 1335 593 1421 ξενίῃ
641 1335 889 1421 ἀγαθῇ·
934 1336 977 1419 ἡ
1023 1339 1148 1422 γὰρ
1194 1336 1420 1421 θέμις,
1467 1340 1540 1415 ὅς
1583 1363 1682 1416 τις
1725 1338 2002 1425 ὑπάρξῃ.

259 1438 403 1505 ἀλλ’
448 1442 565 1523 ἄγε
611 1464 724 1523 μοι
769 1443 921 1506 τόδε
968 1438 1109 1507 εἰπὲ
1155 1441 1265 1507 καὶ
1310 1442 1630 1529 ἀτρεκέως
1673 1444 2053 1522 κατάλεξον·

259 1549 507 1612 πόστον
553 1546 635 1629 δὴ
683 1548 827 1623 ἔτος
871 1545 1084 1629 ἐστίν,
1132 1547 1240 1612 ὅτε
1289 1547 1620 1626 ξείνισσας
1666 1549 1921 1615 ἐκεῖνον

262 1654 383 1717 σὸν
428 1649 648 1728 ξεῖνον
694 1653 1062 1735 δύστηνον,
1109 1650 1270 1735 ἐμὸν
1314 1649 1530 1735 παῖδ’,
1575 1659 1645 1719 εἰ
1679 1651 1820 1720 ποτ’
1868 1657 1986 1739 ἔην
2030 1677 2136 1738 γε,

152 1780 235 1822 290
263 1758 629 1841 δύσμορον;
677 1757 757 1821 ὅν
801 1778 934 1822 που
980 1762 1130 1839 τῆλε
1176 1761 1395 1841 φίλων
1441 1760 1551 1824 καὶ
1598 1761 1915 1844 πατρίδος
1959 1767 2106 1843 αἴης

260 1860 340 1946 ἠέ
379 1883 510 1927 που
556 1860 628 1926 ἐν
673 1865 893 1950 πόντῳ
938 1863 1157 1946 φάγον
1206 1865 1466 1948 ἰχθύες,
1512 1863 1554 1947 ἢ
1600 1862 1704 1929 ἐπὶ
1751 1863 1993 1951 χέρσου

260 1966 466 2052 θηρσὶ
511 1965 620 2032 καὶ
665 1970 1008 2033 οἰωνοῖσιν
1055 1967 1223 2054 ἕλωρ
1270 1967 1504 2052 γένετ’.
1596 1968 1761 2036 οὐδέ
1802 1968 1836 2036 ἑ
1877 1974 2088 2056 μήτηρ

259 2078 503 2138 κλαῦσε
548 2078 1009 2166 περιστείλασα
1054 2078 1294 2158 πατήρ·
1317 2073 1418 2159 θ’,
1466 2076 1538 2141 οἵ
1578 2098 1694 2159 μιν
1740 2080 2135 2159 τεκόμεσθα·

263 2175 407 2243 οὐδ’
451 2179 688 2271 ἅλοχρς
732 2180 1151 2264 πολύδωρος,
1198 2178 1497 2263 ἐχέφρων
1544 2183 1995 2264 Πηνελόπεια,

155 2305 236 2346 295
262 2277 502 2348 κώκυσ’
546 2281 620 2347 ἐν
667 2282 1000 2368 λεχέεσσιν
1046 2281 1159 2350 ἑὸν
1203 2286 1435 2368 πόσιν,
1482 2285 1571 2360 ὡς
1617 2281 1922 2370 ἐπεῴκει,

264 2389 657 2472 ὀφθαλμοὺς
700 2393 1106 2453 καθελοῦσα·
1151 2390 1226 2454 τὸ
1274 2389 1400 2473 γὰρ
1447 2387 1644 2473 γέρας
1690 2387 1828 2454 ἐστὶ
1873 2393 2246 2456 θανόντων.

262 2496 380 2558 καί
419 2515 531 2576 μοι
576 2489 754 2557 τοῦτ’
795 2491 1167 2576 ἀγόρευσον
1213 2492 1569 2577 ἐτήτυμον,
1615 2491 1768 2579 ὄφρ’
1811 2496 1887 2560 ἔυ
1932 2496 2116 2559 εἰδῶ·

263 2601 393 2680 τίς,
435 2601 650 2663 πόθεν
695 2599 789 2675 εἰς
832 2596 1130 2683 ἀνδρῶν;
1176 2601 1344 2663 πόθι
1388 2621 1493 2663 τοι
1540 2600 1732 2675 πόλις
1774 2595 1896 2682 ἠδὲ
1939 2609 2196 2684 τοκῆες;

264 2714 397 2769 ποῦ
443 2702 555 2768 δαὶ
597 2713 764 2787 νηῦς
807 2703 1034 2788 ἕστηκε
1079 2707 1247 2788 θοή,
1290 2705 1334 2789 ἥ
1383 2700 1444 2768 σ’
1490 2705 1694 2788 ἤγαγε
1741 2706 1942 2791 δεῦρο

160 2832 241 2871 εοο
266 2806 617 2885 ἀντιθέους
659 2805 730 2874 θ’
777 2805 1078 2891 ἑτάρους;
1124 2804 1166 2891 ἦ
1214 2811 1500 2893 ἔμπορος
1544 2811 1943 2892 εἰλήλουθας

266 2915 427 2997 νηὸς
472 2911 567 2977 ἐπ’
615 2911 994 2998 ἀλλοτρίης,
1040 2915 1112 2980 οἰ
1151 2911 1215 2978 δ’
1264 2913 1656 2996 ἐκβήσαντες
1700 2915 2019 2998 ἔβησαν;“

355 3021 472 3084 τὸν
514 3015 575 3081 δ’
618 3017 1142 3101 ἀπαμειβόμενος
1176 3016 1477 3103 προσέφη
1515 3019 1878 3101 πολύμητις
1906 3015 2287 3096 Ὀδυσσεύς·

210 3190 216 3194 .
359 3121 503 3208 „vol
548 3123 674 3206 γὰρ
723 3122 851 3205 ἐγώ
896 3146 1000 3188 τοι
1043 3123 1256 3189 πάντα
1301 3120 1453 3207 μάλ’
1501 3120 1822 3206 ἀτρεκέως
1865 3121 2214 3200 καταλέξω.

269 3232 403 3314 εἰμὶ
448 3226 570 3312 μὲν
616 3228 683 3308 ἐξ
724 3225 1148 3313 Ἀλύβαντος,
1195 3230 1312 3294 ὅθι
1357 3230 1561 3294 κλυτὰ
1608 3230 1874 3312 δώματα
1919 3231 2118 3313 ναίω,

164 3356 242 3396 806
268 3337 414 3411 υίὸς
450 3332 873 3421 Ἀφείδαντος
917 3335 1485 3418 Πολυπημονίδαο
1531 3335 1834 3410 ἄνακτος·

271 3441 476 3526 αὐτὰρ
523 3438 733 3524 ἔμοιγ’
775 3438 962 3525 ὄνομ’
1010 3437 1189 3505 ἐστὶν
1226 3435 1593 3524 Ἐπήριτος·
1640 3438 1807 3505 ἀλλά
1852 3462 1931 3523 με
1979 3441 2239 3523 δαίμων

269 3543 499 3629 πλάγξ’
545 3545 671 3612 ἀπὸ
719 3550 1039 3631 Σικανίης
1084 3542 1265 3631 δεῦρ’
1316 3544 1596 3629 ἐλθέμεν
1644 3545 1766 3610 οὐκ
1812 3542 2156 3609 ἐθέλοντα·

2145 2055 2627 2218 *mma
