2650 3909
730 288 761 323 σ
797 273 911 340 (18)
946 266 1245 334 Ὀδυσσέως
1281 270 1379 325 καὶ
1407 269 1556 342 Ἴρου
1592 282 1797 342 πυγμὴ.
2193 272 2279 336 85

257 429 338 494 οὐ
383 430 511 515 γάρ
557 451 687 496 που
732 454 909 508 τινες
928 383 1106 524 'offex
1127 440 1564 516 καταθνητῶν
1609 432 1987 518 ἀνθρώπων
2319 438 2391 502 As

256 533 486 620 ἀνέρες
529 535 907 621 ὑβρίζοντες
942 536 1294 603 ἀτάσθαλα
1342 539 1864 622 μηχανόωνται.“

344 640 386 723 ἡ
433 637 556 724 μὲν
600 640 705 726 ἄρ’
753 641 841 719 ὣς
868 641 1240 729 ἀγόρευεν,
1286 644 1322 709 ὁ
1371 641 1433 707 δ’
1477 642 1682 730 ᾤχετο
1731 644 1873 719 δῖος
1916 644 2217 727 ὑφορβὸς

149 766 229 806 590
256 750 650 832 μνηστήρων
698 747 764 824 ἐς
810 748 1077 831 ὅμιλον,
1123 746 1263 813 ἐπεὶ
1311 747 1707 841 διε-π-έφραδε
1755 750 1985 813 πάντα.
2025 729 2342 812 Mrwwd

255 847 419 930 αἶψα
466 849 541 917 δὲ
595 850 976 938 Τηλέμαχον
1021 855 1179 917 ἔπεα
1221 856 1579 938 πτερόεντα
1622 855 2000 938 προσηύδα,

256 959 405 1043 ἄγχι
453 959 633 1043 σχὼν
677 961 1005 1043 κεφαλήν,
1051 960 1162 1023 ἵνα
1208 960 1296 1044 μὴ
1343 957 1702 1025 πευθοίαθ’
1747 960 1818 1025 οἱ
1856 961 2074 1025 ἄλλοι·

345 1059 442 1148 ,,ὦ
488 1062 659 1148 φίλ’,
711 1062 837 1147 ἐγὼ
885 1061 1008 1148 μὲν
1053 1066 1279 1148 ἄπειμι
1326 1067 1492 1141 σύας
1535 1062 1646 1130 καὶ
1691 1077 1880 1130 κεῖνα
1933 1064 2278 1148 φυλάξων,

257 1172 378 1264 σὸν
422 1168 534 1235 καὶ
579 1170 739 1253 ἐμὸν
785 1173 1041 1254 βίοτον·
1099 1167 1205 1236 σοὶ
1253 1168 1313 1234 δ’
1370 1170 1617 1236 ἐνθάδε
1664 1170 1877 1236 πάντα
1922 1172 2278 1254 μελόντων.

149 1293 229 1334 ⁵95
258 1276 462 1340 αὐτὸν
507 1274 630 1359 μέν
678 1291 750 1340 σε
795 1285 1020 1364 πρῶτα
1066 1275 1237 1358 σάω,
1282 1273 1393 1339 καὶ
1439 1277 1679 1360 φράζεο
1725 1282 1924 1362 θυμῷ
2039 1336 2052 1348 ,

258 1383 345 1464 μή
392 1404 454 1445 τι
499 1380 745 1466 πάθῃς·
791 1377 1026 1445 πολλοὶ
1074 1375 1148 1444 δὲ
1193 1380 1361 1445 κακὰ
1406 1379 1815 1465 φρονέουσιν
1853 1377 2163 1466 Ἀχαιῶν,

257 1488 413 1562 τοὺς
461 1488 629 1560 Ζεὺς
674 1481 989 1562 ἐξολέσειε
1033 1482 1193 1569 πρὶν
1239 1483 1400 1567 ἡμῖν
1444 1494 1628 1568 πῆμα
1671 1483 2048 1567 γενέσθαι.“

348 1593 465 1656 τὸν
514 1587 574 1654 δ’
621 1584 705 1654 αὖ
763 1587 1137 1674 Τηλέμαχος
1181 1589 1598 1673 πεπνυμένος
1642 1589 1874 1655 ἀντίον
1917 1591 2118 1674 ηὔδα·

349 1699 650 1780 ,,ἕσσεται
696 1696 938 1777 οὕτως,
983 1697 1167 1768 ἄττα·
1217 1698 1300 1760 σὺ
1350 1693 1409 1760 δ’
1456 1697 1642 1780 ἔρχεο
1691 1697 2083 1791 δειελιήσας·
2142 1683 2419 1784 masma.)
2465 1659 2507 1752 2
2637 1707 2638 1724 ¹

152 1822 232 1862 600
258 1804 482 1887 ἠῶθεν
528 1801 588 1867 δ’
638 1800 807 1867 ἰέναι
852 1799 963 1867 καὶ
1010 1804 1197 1885 ἄγειν
1246 1802 1462 1886 ἱερήια
1506 1802 1689 1866 καλά.
1798 1817 2066 1872 01*va

259 1909 465 1995 αὐτὰρ
513 1905 660 1992 ἐμοὶ
695 1888 860 1973 “idos
906 1909 1119 1972 πάντα
1163 1906 1275 1973 καὶ
1320 1906 1717 1974 ἀθανάτοισι
1764 1909 2092 1994 μελήσει.“

349 2014 436 2090 ὣς
482 2011 678 2098 φάθ’,
724 2015 761 2079 ὁ
810 2011 871 2078 δ’
916 2008 1099 2089 αὖτις
1145 2010 1251 2099 ἄρ’
1294 2010 1449 2091 ἕζετ’
1502 2012 1809 2092 ἐυξέστου
1857 2012 1961 2078 ἐπὶ
2010 2015 2278 2100 δίφρου,

257 2119 675 2204 πλησάμενος
718 2117 779 2184 δ’
826 2119 954 2205 ἄρα
999 2121 1223 2203 θυμὸν
1271 2117 1545 2203 ἐδητύος
1588 2116 1711 2203 ἠδὲ
1756 2128 2034 2202 ποτῆτος

259 2228 343 2308 βῆ
391 2222 451 2310 ῥ’
501 2230 716 2308 ἴμεναι
764 2222 915 2308 μεθ’
956 2225 1110 2306 ὕας,
1155 2229 1302 2289 λίπε
1351 2222 1410 2288 δ’
1458 2223 1649 2309 ἕρκεά
1694 2247 1762 2289 τε
1809 2222 2099 2310 μέγαρόν
2143 2248 2213 2289 τε

153 2347 233 2387 605
260 2336 493 2395 πλεῖον
538 2331 985 2412 δαιτυμόνων·
1034 2328 1105 2392 οἱ
1145 2325 1205 2392 δ’
1252 2327 1572 2413 ὀρχηστυῖ
1611 2326 1721 2392 καὶ
1768 2328 1961 2413 ἀοιδῇ

260 2432 595 2521 τέρποντ’·
640 2436 769 2518 ἤδη
816 2434 942 2518 γὰρ
989 2430 1100 2498 καὶ
1147 2432 1440 2516 ἐπήλυθε
1488 2434 1745 2525 δείελον
1789 2427 1984 2518 ἦμαρ.
2111 2426 2350 2566 Klimax

909 2793 1495 2869 ΟΔΤΣΣΕΙΑΣ
1550 2796 1635 2868 Σ.

338 2943 553 3016 Ἦλθε
601 2947 660 3013 δ’
709 2947 814 3015 ἐπὶ
859 2951 1111 3034 πτωχὸς
1154 2949 1555 3032 πανδήμιος,
1602 2947 1675 3023 ὃς
1719 2949 1882 3013 κατὰ
1928 2950 2091 3014 ἄστυ

262 3051 655 3141 πτωχεύεσκ’
704 3053 993 3136 Ἰθάκης,
1040 3054 1200 3137 μετὰ
1246 3052 1304 3117 δ’
1354 3055 1589 3138 ἔπρεπε
1636 3052 1903 3139 γαστέρι
1950 3054 2166 3145 μάργῃ
2207 3042 2540 3150 Μᾈκ

36 3158 488 3252 ς·ΛὼΜάζῃχὲς
531 3158 826 3245 φαγέμεν
870 3157 980 3224 καὶ
1023 3157 1280 3242 πιέμεν·
1329 3158 1411 3224 οὐ
1457 3156 1537 3223 δέ
1579 3159 1650 3223 οἱ
1688 3154 1773 3242 ἦν
1817 3159 1879 3235 ἲς

264 3262 423 3332 οὐδὲ
468 3270 612 3350 βίη,
657 3262 834 3342 εἶδος
881 3262 955 3330 δὲ
1001 3264 1174 3348 μάλα
1219 3262 1420 3349 μέγας
1462 3258 1548 3347 ἦν
1593 3263 1944 3348 ὁράασθαι.

207 3393 234 3435 5
257 3369 556 3457 Ἀρναῖος
602 3366 662 3437 δ’
707 3368 895 3455 ὄνομ’
939 3372 1110 3435 ἔσκε·
1158 3371 1232 3434 τὸ
1280 3370 1405 3453 γὰρ
1451 3368 1613 3435 θέτο
1659 3372 1894 3434 πότνια
1940 3370 2150 3454 μήτηρ

264 3476 336 3541 ἐκ
381 3483 672 3558 γενετῆς·
708 3468 887 3557 Ἶρον
935 3470 1009 3539 δὲ
1053 3471 1196 3539 νέοι
1241 3476 1597 3556 κίκλησκον
1644 3475 1957 3557 ἅπαντες,

264 3578 482 3647 οὕνεκ’
529 3565 1008 3663 ἀπαγγέλλεσκε
1055 3579 1250 3661 κιών,
1297 3578 1405 3642 ὅτε
1451 3600 1580 3644 που
1627 3603 1724 3655 τις
1769 3577 2032 3662 ἀνώγοι.
