2650 3909
370 238 497 302 180
1008 259 1051 292 ω
1090 240 1202 308 (24)
1238 236 1476 309 δευτέρα
1512 237 1728 294 νέκυια.

365 409 626 465 κτεῖνον
672 399 1194 485 ἐπιστροφάδην,
1238 412 1372 465 τῶν
1420 397 1494 465 δὲ
1539 396 1773 476 στόνος
1820 397 2059 485 ὤρνυτ’
2102 398 2326 482 ἀεικὴς

262 523 339 564 185
366 505 623 590 κράτων
669 503 1124 589 τυπτομένων,
1172 505 1462 571 δάπεδον
1510 503 1570 569 δ’
1618 507 1791 570 ἅπαν
1839 506 2062 588 αἵματι
2105 511 2298 570 θῦεν.

368 609 455 685 ὣς
496 611 712 694 ἡμεῖς,
752 608 1191 695 Ἀγάμεμνον,
1236 608 1646 693 ἀπωλόμεθ’,
1697 605 1791 675 ὧν
1839 613 1934 675 ἔτι
1979 608 2089 674 καὶ
2132 619 2262 675 νῦν

367 713 607 798 σώματ’
654 715 901 799 ἀκηδέα
946 727 1152 781 κεῖται
1199 714 1301 780 ἐνὶ
1347 716 1658 801 μεγάροις
1697 712 2036 798 Ὀδυσῆος·

367 819 449 883 οὐ
493 821 619 905 γάρ
665 842 766 885 πω
815 828 993 885 ἴσασι
1037 825 1225 905 φίλοι
1268 822 1433 885 κατὰ
1479 818 1736 903 δώμαθ’
1784 818 2093 902 ἑκάστου,

368 925 438 989 οἵ
466 922 527 989 κ’
570 925 1012 1003 ἀπονίψαντες
1059 925 1307 1009 μέλανα
1354 929 1598 1011 βρότον
1645 925 1711 1003 ἐξ
1759 923 2081 989 ὠτειλέων
2184 894 2369 979 2νῖωὲ

28 1011 154 1128 Qu«)
157 1041 342 1100 »5190
367 1028 760 1126 κατθέμενοι
805 1030 1098 1113 γοάοιεν·
1148 1030 1183 1094 ὃ
1229 1031 1358 1115 γὰρ
1404 1029 1601 1116 γέρας
1646 1029 1784 1095 ἐστὶ
1828 1028 2241 1094 θανόντωνέ(

141 1106 230 1171 „J
455 1135 573 1198 τὸν
620 1133 683 1198 δ’
726 1130 880 1199 αὖτε
925 1136 1105 1219 ψυχὴ
1152 1137 1617 1220 προσεφώνεεν
1656 1133 2018 1220 Ἀτρείδαο·

457 1241 692 1323 ,,όλβιε
729 1238 1028 1325 Λαέρταο
1073 1240 1223 1324 πάι,
1267 1238 1677 1325 πολυμήχαν’
1726 1238 2070 1322 Ὀδυσσεῦ,

367 1340 408 1426 ἦ
456 1345 585 1429 άρα
630 1347 757 1408 σὺν
852 1368 882 1409 ε
928 1344 1010 1408 άλ
1101 1344 1141 1408 ἀ
1185 1354 1295 1430 ετῇ
1345 1344 1592 1429 ἐκτήσω
1536 1347 1917 1443 ψ,ρρςριτιν
2234 1333 2307 1431 (Α
2326 1333 2397 1434 Η)

141 1533 147 1539 1
370 1449 459 1524 ὡς
503 1369 1331 1535 ἀγαθαῖέρένῗέ-’ῗὲἆῖ
1299 1434 1590 1534 ἀμύμονι
1637 1453 2086 1536 Πηνελοπείῃ,

267 1576 343 1616 195
370 1556 579 1640 κούρῃ
619 1552 938 1641 Ἰκαρίου,
984 1557 1074 1632 ὡς
1118 1551 1194 1621 εὖ
1241 1554 1515 1640 μέμνητ’
1558 1554 1903 1640 Ὀδυσῆος,

370 1657 613 1745 ἀνδρὸς
657 1662 1029 1746 κουριδίου.
1112 1663 1202 1727 τώ
1252 1663 1322 1726 οί
1362 1659 1551 1737 κλέος
1596 1662 1678 1726 οὔ
1724 1655 1867 1725 ποτ’
1912 1661 2157 1725 ὀλεῖται
2208 1671 2216 1678 ’

370 1760 447 1848 ἧς
491 1764 754 1859 ἀρετῆς,
799 1765 1106 1843 τεύξουσι
1152 1764 1211 1830 δ’
1260 1765 1747 1851 ἐπιχθονίοισιν
1793 1764 2032 1848 ἀοιδὴν

372 1870 695 1935 ἀθάνατοι
740 1874 1095 1956 χαρίεσσαν
1144 1870 1451 1956 ἐχέφρονι
1497 1874 1945 1954 Πηνελοπείῃ,

372 1976 493 2059 οὐχ
542 1976 630 2051 ὡς
684 1975 1065 2062 Τυνδαρέου
1111 1977 1319 2061 κούρη
1366 1975 1532 2038 κακὰ
1578 1976 1828 2057 μήσατο
1880 1977 2069 2059 ἔργα,

267 2104 345 2143 200
371 2081 716 2164 κουρίδιον
761 2084 1069 2145 κτείνασα
1114 2083 1344 2163 πόσιν,
1390 2081 1672 2165 στυγερὴ
1721 2077 1801 2144 δέ
1839 2076 1895 2143 τ’
1938 2078 2131 2162 ἀοιδὴ

373 2182 579 2249 ἔσσετ’
626 2181 722 2250 ἐπ’
770 2184 1199 2268 ἀνθρώπους,
1244 2187 1534 2270 χαλεπὴν
1582 2184 1661 2249 δέ
1700 2207 1768 2249 τε
1815 2193 2025 2270 φῆμιν
2071 2184 2342 2249 ὀπάσσει

372 2287 775 2376 θηλυτέρῃσι
821 2290 1115 2375 γυναιξί,
1160 2289 1267 2356 καὶ
1314 2292 1356 2374 ἥ
1402 2290 1459 2356 κ’
1506 2292 1774 2376 εὐεργὸς
1820 2290 2069 2375 ἔῃσιν.“

463 2394 550 2470 ὣς
595 2397 665 2461 οἷ
705 2392 826 2479 μὲν
873 2405 1142 2461 τοιαῦτα
1188 2398 1352 2482 πρὸς
1398 2396 1723 2480 ἀλλήλους
1768 2395 2125 2481 ἀγόρευον,

376 2497 627 2565 ἑστεῶτ’
675 2503 774 2565 εἰν
816 2499 1037 2565 Ἀίδαο
1085 2502 1344 2584 δόμοις,
1391 2502 1520 2566 ὑπὸ
1567 2502 1838 2565 κεύθεσι
1883 2503 2096 2583 γαίης·

267 2629 345 2669 205
374 2607 445 2672 oc
486 2604 545 2670 δ’
594 2604 730 2669 ἐπεὶ
779 2604 849 2669 ἐκ
894 2608 1123 2680 πόλιος
1168 2604 1483 2688 κατέβαν,
1528 2607 1691 2689 τάχα
1737 2601 1798 2668 δ’
1845 2603 2052 2687 ἀγρὸν
2097 2605 2319 2669 ἵκοντο

373 2713 576 2775 καλὸν
622 2707 922 2793 Λαέρταο
968 2706 1398 2791 τετυγμένον,
1445 2708 1525 2773 ὅν
1573 2709 1658 2791 ῥά
1701 2706 1845 2773 ποτ’
1891 2709 2086 2783 αὐτὸς

372 2812 671 2898 Λαέρτης
714 2813 1126 2895 κτεάτισσεν,
1174 2809 1311 2876 ε’πεὶ
1359 2812 1532 2894 μάλα
1576 2809 1764 2876 πόλλ’
1811 2810 2148 2894 ἐμόγησεν.

372 2918 542 2984 ἔνθά
589 2918 660 2983 oc
698 2912 878 2993 οἶκος
924 2919 1073 3000 ἔην,
1118 2913 1267 3001 περὶ
1314 2913 1389 2980 δὲ
1435 2920 1692 3003 κλάζων
1736 2915 1856 2981 θέε
1900 2917 2349 3005 πάντῃ,ῑω,τ·,

374 3024 448 3089 ἐν
493 3034 583 3112 τῷ
633 3022 1008 3089 σιτέσκοντο
1054 3020 1165 3087 καὶ
1210 3023 1436 3100 ἵζανον
1481 3008 1600 3105 ἧδὲ
1648 3028 1839 3087 ἴαυον

268 3153 347 3193 210
376 3132 588 3213 δμῶες
632 3128 1010 3212 ἀναγκαῖοι,
1056 3132 1166 3193 τοί
1205 3128 1478 3219 οιζφίλα
1526 3128 1890 3213 ἐργάζοντο.
2001 3126 2085 3199 kg
2133 3139 2337 3199 maist

376 3235 449 3299 ἐν
495 3232 569 3300 δὲ
615 3236 784 3318 γυνὴ
833 3235 1078 3317 Σικελὴ
1125 3232 1333 3319 γρηῢς
1375 3232 1604 3317 πέλεν,
1648 3234 1690 3316 ’ἥ
1719 3234 1823 3319 4ῥα
1868 3231 2145 3319 γέροντα

375 3336 700 3415 ἐνδυκέως
743 3338 1094 3423 κομέεσκεν
1143 3334 1242 3403 ἐπ’
1289 3338 1530 3421 ἀγροῦ,
1574 3341 1778 3422 νόσφι
1822 3341 2085 3421 πόληος.

376 3440 521 3508 ἕνθ’
570 3443 886 3521 Ὀδυσεὺς
932 3447 1219 3528 δμώεσσι
1264 3442 1376 3508 καὶ
1418 3441 1550 3507 υἱέι
1595 3449 1818 3526 μῦθον
1865 3445 2104 3507 ἔειπεν·

466 3546 697 3630 ,,ὑμεῑς
741 3545 862 3631 μὲν
908 3559 1036 3614 νῦν
1084 3546 1298 3613 ἔλθετ’
1347 3547 1729 3631 ἐυκτίμενον
1777 3549 1988 3631 δόμον
2033 3554 2220 3631 εἴσω,
