2650 3909
370 249 455 314 82
743 270 774 319 ρ
814 251 927 319 (17)
965 242 1243 311 ἐπάνοδος
1283 246 1608 318 Τηλεμάχου
1646 246 1727 311 εἰς
1758 245 2006 316 Ἰθάκην.

460 407 642 494 »αὔθ’
699 410 907 487 οὕτως
951 409 1153 475 αὐτόν
1198 425 1271 474 σε
1313 409 1509 494 βάλοι
1557 407 1945 488 κλυτότοξος
1982 406 2382 473 Ἀπόλλων.“

259 537 341 577 495
456 516 581 599 τὴν
625 512 688 580 δ’
732 510 875 580 αὖτ’
918 516 1275 602 Εὐρυνόμη
1321 518 1516 599 ταμίη
1562 516 1727 600 πρὸς
1768 521 1993 598 μῦθον
2039 516 2277 578 ἔειπεν·

458 622 566 704 ,,εί
606 621 733 702 γὰρ
779 618 878 686 ἐπ’
922 621 1172 706 ἀρῇσιν
1203 620 1389 697 τέλος
1431 618 1778 705 ἡμετέρῃσι
1821 618 2106 702 γένοιτο·

368 724 493 791 οὐκ
536 727 620 790 ἄν
667 749 765 803 τις
807 726 1064 791 τούτων
1110 749 1183 809 γε
1230 724 1563 811 ἐύθρονον
1603 722 1737 788 Ἠῶ
1783 726 2053 790 ἴκοιτο.“

455 831 578 913 τὴν
625 828 687 895 δ’
730 824 886 894 αὖτε
930 827 1273 915 προσέειπε
1319 832 1664 914 περίφρων
1709 833 2150 914 Πηνελόπεια·

119 961 367 1000 W
459 932 672 1019 ,,μαῖ’,
727 932 959 1020 ἐχθροὶ
1005 930 1128 1017 μὲν
1171 934 1440 1018 πάντες,
1493 931 1633 998 ἐπεὶ
1676 935 1843 999 κακά
1897 938 2380 1020 μηχανόωνται·

264 1062 344 1103 500
363 1020 695 1115 Ἀντίνοος
741 1034 815 1103 δὲ
859 1037 1141 1121 μάλιστα
1186 1042 1461 1124 μελαίνῃ
1506 1036 1658 1124 κηρὶ
1705 1041 1891 1105 ἔοικε.

369 1142 580 1221 ξεῖνός
622 1166 723 1220 τις
768 1145 1092 1228 δύστηνος
1138 1144 1441 1228 ἀλητεύει
1486 1145 1648 1209 κατὰ
1694 1146 1882 1228 δῶμα

369 1246 607 1334 ἀνέρας
651 1252 939 1328 αἰτίζων·
988 1249 1414 1335 ἀχρημοσύνη
1460 1251 1585 1335 γὰρ
1632 1250 1902 1334 ἀνώγει·

369 1352 515 1420 ἔνθ’
562 1355 752 1420 ἄλλοι
798 1351 920 1439 μὲν
965 1355 1203 1432 πάντες
1248 1353 1616 1440 ἐνέπλησάν
1659 1380 1730 1422 τε
1776 1358 1982 1423 δόσαν
2027 1380 2126 1440 τε,

20 1445 117 1523 us.
153 1441 328 1532 affl
372 1456 565 1537 οὗτος
606 1456 685 1525 4δὲ
728 1464 980 1551 θρήνυι
1026 1462 1332 1546 πρυμνὸν
1375 1460 1536 1544 βάλε
1582 1460 1801 1538 δεξιὸν
1848 1457 2090 1544 ὦμον.“
2243 1427 2471 1499 Lam

264 1587 344 1631 505
458 1565 499 1649 ἡ
546 1561 670 1649 μὲν
715 1563 819 1651 ἄρ’
865 1565 953 1642 ὣς
997 1565 1273 1650 ἀγόρευε
1320 1566 1481 1648 μετὰ
1526 1566 1781 1653 δμῳῇσι
1826 1563 2128 1648 γυναιξὶν

370 1669 578 1754 ἡμένη
624 1669 698 1735 ἐν
742 1670 1052 1759 θαλάμῳ·
1098 1671 1135 1735 ὁ
1181 1666 1240 1733 δ’
1287 1669 1569 1734 ἐδείπνει
1617 1670 1759 1745 δῖος
1796 1666 2162 1743 Ὀδυσσεύς.

370 1774 411 1858 ἡ
459 1773 521 1839 δ’
564 1773 669 1839 ἐπὶ
716 1767 785 1839 οἶ
827 1773 1155 1839 καλέσασα
1199 1774 1546 1856 προσηύδα
1593 1774 1742 1837 δῖον
1787 1773 2117 1855 ὑφορβόν·

460 1881 725 1963 ,,ἔρχεο,
771 1876 860 1942 δῖ’
903 1878 1190 1961 Εὔμαιε,
1231 1877 1398 1941 κιὼν
1442 1878 1560 1941 τὸν
1607 1875 1824 1954 ξεῖνον
1870 1869 2125 1959 ἄνωχθι

373 1982 688 2067 ἐλθέμεν,
733 1982 910 2066 ὄφρά
952 1984 1023 2046 τί
1060 2004 1175 2064 μιν
1219 1979 1712 2064 προσπτύξομαι
1756 1977 1860 2064 ἠδ’
1906 1978 2214 2065 ἐρέωμαι,

267 2110 347 2151 510
372 2094 442 2153 εἴ
476 2108 606 2152 που
646 2084 1002 2170 Ὀδυσσῆος
1043 2087 1527 2171 ταλασίφρονος
1569 2082 1646 2169 ἠὲ
1689 2084 2009 2150 πέπυσται

373 2193 415 2276 ἢ
463 2194 604 2258 ἴδεν
650 2193 1085 2276 ὀφθαλμοῖσι·
1137 2191 1614 2279 πολυπλάγκτῳ
1660 2192 1784 2277 γὰρ
1833 2191 2066 2257 ἔοικε.“

461 2299 584 2381 τὴν
630 2296 689 2363 δ’
732 2298 1254 2382 ἀπαμειβόμενος
1296 2295 1662 2382 προσέφης,
1708 2298 1960 2382 Εὔμαιε
2007 2300 2296 2380 συβῶτα·

465 2405 571 2488 ,,εί
613 2403 737 2490 γάρ
783 2427 916 2487 τοι,
961 2406 1291 2487 βασίλεια,
1338 2405 1741 2486 σιωπήσειαν
1782 2399 2048 2487 Ἀχαιοί·

376 2500 461 2574 οἷ’
507 2509 544 2574 ὅ
589 2533 664 2592 γε
709 2515 1052 2594 μυθεῖται,
1096 2507 1408 2591 θέλγοιτό
1453 2505 1533 2571 κέ
1570 2531 1671 2572 τοι
1718 2510 1919 2591 φίλον
1963 2503 2142 2593 ἦτορ.

269 2635 350 2676 515
376 2625 550 2699 τρεῖς
593 2614 718 2698 γάρ
765 2616 848 2697 δή
895 2637 1010 2696 μιν
1054 2614 1294 2688 νύκτας
1340 2615 1524 2697 ἔχον,
1568 2616 1716 2698 τριά
1762 2610 1824 2677 δ’
1866 2610 2056 2696 ἤματ’
2100 2610 2314 2712 ἔρυξα,

377 2719 450 2783 ἐν
492 2721 737 2802 κλισίῃ·
783 2725 1045 2799 πρῶτον
1089 2716 1215 2800 γὰρ
1261 2713 1361 2799 ἔμ’
1404 2717 1577 2781 ἵκετο
1623 2719 1782 2800 νηὸς
1826 2715 2143 2802 ἀποδράς·

376 2819 520 2887 ἀλλ’
563 2822 645 2887 οὔ
689 2841 789 2885 πω
835 2823 1155 2903 κακότητα
1201 2820 1518 2903 διήνυσεν
1562 2820 1647 2903 ἣν
1693 2820 2053 2906 ἀγορεύων.

377 2928 465 3004 ὡς
495 2923 569 2991 ’δ’
615 2923 709 2990 ὅτ’
755 2924 987 2990 ἀοιδὸν
1033 2923 1201 3009 ἀνὴρ
1249 2922 1729 3010 ποτιδέρκεται,
1776 2926 1848 3002 ὅς
1891 2949 1960 2990 τε
2005 2931 2185 2990 θεῶν
2231 2924 2297 3003 ἒξ

377 3032 564 3119 ἀείδῃ
611 3031 863 3107 δεδαὼς
907 3027 1040 3094 ἔπε’
1086 3030 1429 3114 ἱμερόεντα
1476 3033 1801 3114 βροτοῖσι,

27 3065 351 3200 Μεο
378 3147 497 3203 τοῦ
543 3131 605 3201 δ’
649 3134 1263 3231 ἄμοτονμεμάασιν
1309 3132 1663 3220 ἀκουέμεν,
1710 3133 1937 3201 ὁππότ’
1982 3134 2196 3219 ἀείδῃ·

379 3242 467 3318 ὣς
511 3237 625 3325 ἐμὲ
667 3252 886 3317 κεῖνος
931 3243 1162 3323 ἔθελγε
1207 3243 1581 3325 παρήμενος
1626 3239 1699 3305 ἐν
1743 3238 2102 3324 μεγάροισι.

379 3347 542 3429 φησὶ
589 3343 648 3409 δ’
698 3343 1051 3429 Ὀδυσσῆος
1095 3345 1307 3423 ξεῖνος
1351 3346 1675 3427 πατρώιος
1719 3340 1921 3426 εἶναι,

387 3453 606 3535 Κρήτῃ
652 3452 1005 3534 ναιετάων,
1053 3451 1168 3516 ὅθι
1213 3454 1490 3525 Μίνωος
1533 3448 1725 3531 γένος
1769 3448 1964 3513 ἐστίν.

378 3557 581 3619 ἔνθεν
626 3555 708 3637 δὴ
755 3564 883 3619 νῦν
930 3557 1127 3641 δεῦρο
1175 3552 1314 3620 τόδ’
1358 3556 1530 3619 ἵκετο
1575 3556 1835 3638 πήματα
1880 3554 2182 3640 πάσχων,
