2650 3909
881 223 911 258 ο
949 206 1063 274 (15)
1106 204 1434 274 Τηλεμάχου
1472 199 1766 267 ἐπάνοδος.
2239 200 2324 266 33

234 383 287 424 15
312 362 678 447 πεμπέμεν,
726 361 875 450 ὄφρ’
923 367 1017 429 ἔτι
1063 371 1234 430 οἴκοι
1281 364 1587 448 ἀμύμονα
1632 364 1877 449 μητέρα
1920 360 2170 448 τέτμῃς.

312 470 443 552 ἤδη
490 469 616 554 γάρ
664 468 749 554 ῥα
793 472 1006 555 πατήρ
1052 492 1122 534 τε
1167 472 1558 551 κασίγνητοί
1597 492 1665 533 τε
1710 467 2012 534 κέλονται

314 573 691 662 Εὐρυμάχῳ
737 576 1105 657 γήμασθαι·
1155 573 1190 639 ὁ
1238 575 1365 659 γᾶρ
1410 574 1792 659 περιβάλλει
1839 574 2127 648 ἅπαντας

315 687 691 764 μνηστῆρας
735 679 1010 764 δώροισι
1054 676 1165 743 καὶ
1210 677 1578 772 ἐξώφελλεν
1625 677 1838 743 ἔεδνα.
1960 661 2162 737 (ΜΝ
2175 665 2314 733 me&

315 786 403 867 μή
450 785 535 848 νύ
581 808 642 848 τι
689 794 808 849 σεῦ
853 781 1073 866 ἀέκητι
1122 785 1351 866 δόμων
1398 783 1470 848 ἐκ
1515 793 1725 868 κτῆμα
1770 764 2386 873 φέρηταιᾹιε-Ρικάψ
2449 777 2553 859 ΝΑ)

235 912 288 951 20
316 884 518 955 οἶσθα
563 890 689 975 γὰρ
737 881 877 965 οἷος
919 890 1139 972 θυμὸς
1183 886 1285 954 ἐνὶ
1332 891 1651 972 στήθεσσι
1695 891 2032 972 γυναικός·

314 998 541 1059 κείνου
585 995 896 1077 βούλεται
942 989 1129 1059 οἷκον
1174 992 1514 1078 ὀφέλλειν,
1561 995 1635 1070 ὅς
1678 1018 1793 1060 κεν
1840 994 2073 1080 ὀπυίῃ,

314 1100 573 1164 παίδων
619 1095 693 1163 δὲ
737 1097 1080 1184 προτέρων
1125 1097 1236 1164 καὶ
1280 1101 1653 1186 κουριδίοιο
1699 1102 1925 1188 φιζλοιο

316 1202 535 1269 οὐκέτι
580 1203 899 1287 μέμνηται
942 1206 1306 1287 τεθνηότος
1352 1201 1511 1269 οὐδὲ
1557 1208 1862 1290 μεταλλᾷ.

317 1308 483 1373 ἀλλὰ
530 1306 674 1390 σύγ’
722 1308 943 1400 ἐλθὼν
989 1308 1185 1384 αὐτὸς
1231 1307 1642 1395 ἐπιτρέψειας
1686 1308 1925 1374 ἕκαστα

237 1437 290 1478 26
319 1411 606 1501 δμῳάων
649 1412 692 1494 ἥ
739 1416 836 1488 τίς
880 1433 983 1477 τοι
1031 1413 1261 1498 ἀρίστη
1309 1417 1614 1498 φαίνεται
1661 1408 1864 1495 εἶναι,

318 1520 413 1594 εἰς
457 1517 494 1581 ὅ
539 1515 619 1581 κε’
656 1539 761 1581 τοι
805 1519 1068 1601 φήνωσι
1112 1515 1265 1583 θεοὶ
1310 1518 1566 1603 κυδρὴν
1611 1518 2013 1603 παράκοιτιν.

318 1624 480 1688 ἄλλο
528 1621 605 1687 δέ
644 1626 755 1687 τοί
792 1646 854 1686 τι
901 1624 1054 1700 ἔπος
1101 1622 1296 1709 ἐρέω,
1344 1626 1427 1688 σὺ
1477 1620 1551 1687 δὲ
1598 1624 1847 1688 σύνθεο
1891 1629 2110 1711 θυμῷ.

317 1729 710 1814 μνηστήρων
757 1725 816 1792 σ’
861 1725 1161 1813 ἐπιτηδὲς
1204 1728 1508 1816 ἀριστῆες
1552 1731 1884 1814 λοχόωσιν

318 1834 392 1900 ἐν
436 1840 718 1921 πορθμῷ
759 1832 1022 1918 Ἰθάκης
1064 1858 1133 1900 τε
1181 1835 1441 1918 Σάμοιό
1487 1858 1556 1899 τε
1602 1833 2121 1918 παιπαλοέσσης,

240 1963 294 2003 so
322 1937 568 2023 ἱέμενοι
612 1951 892 2023 κτεῖναι,
936 1938 1098 2025 πρὶν
1142 1941 1432 2026 πατρίδα
1479 1951 1676 2023 γαῖαν
1724 1938 2003 2004 ἱκέσθαι.

320 2043 485 2109 ἀλλὰ
527 2045 608 2109 τά
652 2042 712 2126 γ’
758 2045 881 2110 οὐκ
926 2046 1073 2110 ὀίω·
1120 2043 1283 2129 πρὶν
1328 2049 1445 2110 καί
1484 2069 1632 2110 τινα
1677 2056 1832 2128 γαῖα
1875 2041 2138 2122 καθέξει

320 2148 585 2231 ἀνδρῶν
630 2151 1056 2235 μνηστήρων,
1101 2151 1173 2215 οἵ
1211 2174 1315 2216 τοι
1363 2152 1596 2233 βίοτον
1642 2148 2050 2216 κατέδουσιν.

320 2252 486 2318 ἀλλὰ
533 2251 681 2328 ἑκὰς
723 2257 949 2336 νήσων
996 2251 1261 2336 ἀπέχειν
1310 2254 1583 2339 εὐεργέα
1628 2264 1790 2339 νῆα,

62 2355 510 2423 οΛυω-ἱινυκτὶ
556 2353 618 2422 δ’
662 2357 836 2453 ὁμῷς
880 2362 1130 2444 πλείειν
1142 2377 1161 2444 ⁶⁴
1202 2357 1444 2441 πέμψει
1492 2358 1572 2424 δέ
1610 2382 1714 2424 τοι
1761 2354 1967 2443 οὖρον
2012 2359 2293 2422 ὄπισθεν

241 2483 295 2524 35
322 2462 678 2528 ἀθανάτων
722 2460 798 2537 ὅς
842 2465 939 2538 τίς
985 2477 1057 2526 σε
1104 2462 1431 2546 φυλάσσει
1475 2484 1543 2528 τε
1591 2463 1824 2545 ῥύεταί
1860 2484 1946 2526 τε.

320 2567 528 2652 αὐτὰρ
573 2566 740 2651 ἐπὴν
782 2567 1054 2652 πρώτην
1097 2565 1303 2651 ἀκτὴν
1342 2565 1607 2650 Ἰθάκης
1651 2566 1925 2652 ἀφίκηαι
1939 2614 1958 2648 ,

319 2682 448 2757 νῆα
492 2669 614 2757 μὲν
658 2672 727 2750 ἐς
769 2675 968 2738 πόλιν
1016 2673 1290 2758 ὀτρῦναι
1335 2671 1445 2738 καὶ
1488 2674 1736 2750 πάντας
1782 2670 2113 2755 ἑταίρους,

322 2777 517 2855 αὐτὸς
561 2775 636 2842 δὲ
679 2779 1013 2864 πρώτιστα
1059 2779 1366 2862 συβώτην
1418 2777 1915 2865 εἰσαφικέσθαι,

323 2883 397 2960 ὅς
437 2905 541 2947 τοι
585 2883 726 2949 ὑῶν
771 2882 1109 2969 ἐπίουρος,
1155 2884 1331 2968 ὁμῶς
1376 2882 1457 2949 δέ
1475 2908 1598 2992 5⁰⁶
1641 2886 1803 2968 ἤπια
1848 2879 2051 2949 οἶδεν.
2083 2905 2204 2958 ,5110
2230 2929 2336 2988 ,γη
2411 2885 2432 2950 ²⁷.

242 3010 298 3050 ιο
324 2991 492 3053 ἔνθα
539 2985 613 3052 δὲ
657 2986 840 3053 νύκτ’
886 2987 1102 3076 ἀὲσᾈιι·
1148 2961 1402 3056 τὸῖῗ-δκΓ
1422 2987 1694 3077 ὀτρῦναι
1739 2992 1936 3054 πόλιν
1984 2995 2137 3054 εἴσω
2208 2980 2518 3070 (osea-0912
2565 2981 2596 3050 ἶ.

324 3093 637 3177 ἀγγελίην
683 3091 953 3180 ἐρέοντα
997 3097 1353 3179 περίφρονι
1399 3099 1852 3180 Πηνελοπείῃ,

324 3198 565 3264 οὕνεκά
610 3198 681 3263 os
720 3209 850 3276 σῶς
895 3198 1039 3264 ἐσσι
1084 3197 1195 3263 καὶ
1242 3199 1314 3264 ἐκ
1362 3200 1598 3265 Πύλου
1649 3199 2107 3283 εἰλήλουθας.“

410 3321 452 3403 ἡ
497 3317 619 3404 μὲν
664 3319 769 3408 ἄρ’
816 3321 903 3399 ὣς
942 3319 1195 3387 εἰποῦσ’
1238 3320 1447 3406 ἀπέβη
1484 3325 1650 3408 πρὸς
1685 3324 1940 3407 μακρὸν
1969 3320 2336 3406 Ὄλυμπον,

326 3424 530 3509 αὐτὰρ
577 3426 612 3491 ὁ
659 3429 1078 3511 Νεστορίδην
1126 3426 1190 3505 ἐξ,
1237 3427 1432 3509 ἡδέος
1474 3428 1691 3493 ὕπνου
1739 3431 1947 3514 ἔγειρε

246 3536 299 3578 45
326 3525 425 3592 λὰξ
461 3527 597 3581 ποδὶ
631 3527 888 3596 κινήσας,
926 3531 1033 3584 καί
1061 3549 1158 3598 μιν
1193 3528 1334 3599 πρὸς
1369 3533 1558 3599 μῦθον
1598 3528 1808 3586 ἔειπεν·

432 3624 725 3675 haduwich,
753 3627 888 3667 Hom.
917 3627 1131 3677 Odyssea.
1159 3628 1223 3667 11.
1883 3626 1915 3672 3
