2650 3909
384 256 470 321 86
863 274 897 312 σ
933 259 1042 326 (18)
1077 254 1382 321 Ὀδυσσέως
1416 257 1515 312 καὶ
1539 253 1690 328 Ἴρου
1725 256 1931 327 πυγμή.

380 418 454 495 ὅς
500 415 562 504 ῤ’
608 417 829 484 ἐλθὼν
868 416 1150 502 Ὀδυσῆα
1197 419 1468 485 διώκετο
1515 410 1619 485 οἷο
1666 420 1934 503 δόμοιο,

380 526 498 590 καί
537 548 652 607 μιν
698 526 1000 589 νεικείων
1045 524 1202 588 ἔπεα
1246 528 1601 609 πτερόεντα
1645 525 2014 609 προσηύδα·

228 613 233 618 ’
303 646 356 687 10
472 624 674 713 ,,εἶκε,
721 627 944 714 γέρον,
979 630 1356 714 προθύρου,
1392 629 1479 712 μὴ
1519 630 1602 712 δὴ
1639 630 1803 713 τάχα
1838 627 1948 694 καὶ
1984 628 2189 704 ποδὸς
2224 626 2393 731 ἕλκῃ.
2419 588 2511 739 (ᾖ)

380 733 502 800 οὐκ
545 733 712 812 ἀίεις
757 734 860 799 ὅτι
907 735 991 816 δή
1036 757 1150 819 μοι
1197 733 1643 818 ἐπιλλίζουσιν
1689 735 2000 818 ἅπαντες,
2097 735 2303 797 ωὸωι.

380 836 718 924 ἑλκέμεναι
765 835 840 903 δὲ
884 836 1215 917 κέλονται;
1263 838 1392 922 ε’γω
1441 836 1503 902 δ’
1546 838 1941 922 αἰσχύνομαι
1988 841 2209 923 ἔμπης.

380 943 523 1009 ἀλλ’
568 946 727 1027 ἄνα,
773 946 861 1027 μὴ
907 943 1070 1027 τάχα
1115 954 1280 1008 νῶιν
1327 945 1464 1029 ἔρις
1507 941 1617 1009 καὶ
1663 941 1848 1029 χερσὶ
1892 941 2225 1028 γένηται.“

467 1051 587 1115 τὸν
614 1046 675 1114 δ’
701 1046 807 1130 ἄρ’
832 1047 1094 1133 ὑπόδρα
1123 1050 1290 1114 ἰδὼν
1313 1046 1611 1133 προσέφη
1641 1050 2002 1133 πολύμητις
2014 1045 2394 1122 Ὀδυσσεύς·

301 1171 352 1212 15
470 1151 832 1237 ,,δαιμόνι’,
879 1152 1038 1219 οὔτέ
1076 1157 1147 1219 τί
1186 1169 1259 1219 σε
1306 1151 1469 1240 ῥέζω
1514 1155 1720 1219 κακὸν
1767 1150 1905 1219 οὔτ’
1950 1151 2282 1237 ἀγορεύω,

380 1256 541 1324 οὔτέ
577 1282 728 1341 τινα
772 1257 1044 1344 φθονέω
1092 1261 1369 1343 δόμεναι
1411 1260 1521 1325 καὶ
1565 1256 1757 1324 πόλλ’
1796 1258 2137 1337 ἀνελόντα.

380 1364 580 1441 οὐδὸς
627 1362 689 1429 δ’
732 1363 1146 1451 ἀμφοτέρους
1191 1366 1304 1430 ὅδε
1351 1368 1664 1450 χείσεται,
1710 1362 1873 1430 οὐδέ
1912 1367 1983 1430 τί
2021 1381 2093 1429 σε
2137 1365 2259 1450 χρὴ

381 1470 750 1556 ἀλλοτρίων
794 1469 1143 1557 φθονέειν·
1192 1469 1443 1549 δοκέεις
1489 1468 1570 1535 δέ
1609 1493 1723 1556 μοι
1766 1465 1942 1535 εἶναι
1987 1469 2225 1554 ἀλήτης

382 1577 470 1653 ὥς
514 1597 636 1662 περ
684 1574 884 1661 ἐγών·
933 1578 1136 1661 ὄλβον
1184 1573 1259 1641 δὲ
1304 1574 1457 1643 θεοὶ
1500 1574 1859 1660 μέλλουσιν
1905 1576 2185 1653 ὀπάζειν.

301 1700 354 1740 20
381 1680 567 1768 χερσὶ
616 1678 689 1747 δὲ
736 1684 825 1766 μή
870 1706 934 1748 τι
981 1686 1131 1767 λίην
1177 1683 1597 1765 προκαλίζεο,
1642 1683 1731 1764 μή
1777 1703 1857 1765 με
1902 1683 2227 1766 χολώσῃς,

381 1791 470 1871 μή
518 1803 591 1852 σε
636 1785 853 1872 γέρων
895 1806 1018 1870 περ
1066 1783 1194 1851 ἐὼν
1242 1792 1489 1871 στῆθος
1531 1783 1643 1851 καὶ
1687 1788 1905 1870 χείλεα
1950 1787 2185 1871 φύρσω

77 1875 261 1998 ‹tv-5³⁴5
381 1895 668 1976 αἵματος.
758 1891 997 1994 ἡσυχίη
1044 1889 1107 1955 δ’
1149 1890 1234 1955 ἂν
1279 1888 1426 1974 ἐμοὶ
1470 1888 1580 1955 καὶ
1624 1895 1877 1973 μᾶλλον
1924 1888 2014 1956 ἔτ’
2057 1897 2156 1975 εἴη

382 1999 647 2082 αὔριον·
697 1995 779 2061 οὐ
825 1992 949 2079 μὲν
994 1995 1119 2079 γάρ
1167 1999 1237 2060 τί
1276 1992 1338 2061 σ’
1379 1994 1915 2081 ὑποστρέψεσθαι
1962 1995 2080 2062 ὀίω

382 2102 694 2187 δεύτερον
739 2099 807 2178 ές
851 2098 1141 2186 μέγαρον
1186 2101 1607 2187 Λαερτιάδεω
1647 2099 2022 2185 Ὀδυσῆος.“

302 2226 354 2267 25
470 2209 588 2273 τὸν
634 2203 709 2271 δὲ
753 2206 1212 2292 χολωσάμενος
1256 2208 1722 2292 προσεφώνεεν
1755 2201 1928 2293 Ἶρος
1973 2206 2239 2293 ἀλήτης·

36 2310 256 2423 :Yfflm
471 2312 568 2397 „ffi
613 2315 847 2396 πόποι,
892 2312 982 2389 ὡς
1026 2312 1063 2379 ὁ
1109 2315 1438 2399 μολοβρὸς
1483 2313 1922 2410 ἐπιτροχάδην
1967 2311 2271 2399 ἀγορεύει
2283 2281 2608 2434 ,Ἑλ-φωνή

71 2446 301 2482 ‹mom-
380 2417 535 2505 γρηὶ
577 2429 850 2515 καμινοῖ
894 2414 1061 2496 ἶσος·
1109 2398 1320 2485 ὃνἜν
1367 2421 1532 2485 κακὰ
1577 2422 1976 2504 μητισαίμην

379 2527 642 2590 κόπτων
688 2521 1132 2609 ἀμφοτέρῃσι,
1178 2523 1379 2610 χαμαὶ
1427 2523 1507 2589 δέ
1545 2548 1617 2589 κε
1662 2526 1910 2600 πάντας
1954 2524 2232 2602 ὀδόντας

382 2635 706 2712 γναθμῶν
755 2628 1127 2712 ἐξελάσαιμι
1174 2631 1335 2705 συὸς
1379 2628 1468 2704 ὣς
1512 2623 2090 2715 ληιβ-ρτείρηςῗῑλκιῐ
2135 2624 2627 2713 &QVE-..6001

303 2753 357 2793 80
386 2737 583 2811 ζῶσαι
627 2741 788 2815 νῦν,
833 2733 946 2797 ἵνα
989 2731 1228 2808 πάντες
1274 2730 1645 2816 ἐπιγνώωσι
1688 2730 1799 2797 καὶ
1844 2724 1985 2799 οἶδε

383 2834 862 2922 μαρναμένους.
952 2847 1089 2913 πῶς
1135 2833 1198 2900 δ’
1244 2835 1328 2902 ἂν
1374 2839 1458 2902 σὺ
1503 2835 1799 2926 νεωτέρω
1846 2837 2044 2924 ἀνδρὶ
2087 2840 2323 2925 μάχοιο
2335 2842 2400 2921 ;“

471 2942 560 3020 ὣς
605 2943 676 3009 οἰ
716 2938 840 3026 μὲν
884 2941 1296 3028 προπάροιθε
1342 2942 1617 3027 θυράων
1661 2943 1980 3026 ὑψηλάων
2333 3018 2348 3033 “

383 3048 592 3115 οὐδοῦ
639 3050 747 3114 ἔπι
793 3046 1026 3126 ξεστοῦ
1070 3048 1516 3131 πανθυμαδὸν
1562 3049 2172 3137 ὀκριόωντο.ωωῦ
2215 3036 2522 3181 bamam

102 3160 245 3223 luas>
381 3165 554 3220 τοῖιν
599 3150 673 3219 δὲ
718 3151 978 3243 ξυνέηχ’
1023 3154 1204 3239 ἱερὸν
1249 3151 1447 3239 μένος
1486 3151 1879 3239 Ἀντινόοιο,

299 3282 354 3322 85
379 3259 510 3343 ἡδὺ
558 3257 617 3324 δ’
661 3253 766 3345 ἄρ’
810 3258 1163 3344 ἐκγελάσας
1207 3261 1567 3344 μετεφώνει
1612 3264 2131 3346 μνηστήρεσσιν·

471 3358 567 3448 ,,ὦ
614 3367 831 3448 φίλοι,
877 3365 959 3432 οὐ
1005 3363 1128 3449 μέν
1172 3367 1274 3431 πώ
1320 3388 1386 3430 τι
1429 3366 1635 3451 πάρος
1677 3376 1983 3432 τοιοῦτον
2031 3366 2309 3454 ἐτύχθη,

381 3471 530 3552 οἵην
575 3471 917 3554 τερπωλὴν
960 3472 1121 3548 θεὸς
1164 3473 1411 3554 ἤγαγεν
1458 3469 1524 3547 ἐς
1566 3472 1718 3536 τόδε
1769 3473 1973 3555 δῶμα.

382 3574 418 3639 ὁ
465 3572 677 3651 ξεῖνός
719 3596 788 3638 τε
834 3573 943 3639 καὶ
976 3568 1148 3660 Ἶρος
1193 3574 1481 3660 ἐρίζετον
1526 3573 1872 3660 ἀλλήλοιιν
