2650 3909
341 239 429 303 40
904 258 933 292 ο
972 241 1084 308 (15)
1127 235 1452 308 Τηλεμάχου
1492 233 1781 299 ἐπάνοδος.

235 420 313 460 285
342 396 486 464 ἀλλ’
529 398 564 464 ὁ
612 396 734 484 μὲν
780 401 1025 483 ἔκφυγε
1070 407 1238 485 κῆρα
1282 396 1392 463 καὶ
1436 400 1638 481 ἤλασε
1683 401 1845 480 βοῦς
1890 396 2239 483 ἐριμύκους

343 503 409 580 ἐς
454 504 688 570 Πύλον
735 503 806 570 ἐκ
856 504 1167 587 Φυλάκης
1210 502 1320 569 καὶ
1368 502 1622 568 ἐτίσατο
1670 505 1867 586 ἔργον
1913 498 2123 578 ἀεικὲς

341 608 656 675 ἀντίθεον
700 614 973 694 Νηλῆα,
1018 610 1389 696 κασιγνήτῳ
1437 605 1511 672 δὲ
1560 617 1843 690 γυναῖκα
1934 589 2028 691 (A
2047 643 2056 650 ·
2075 618 2126 693 (g
2150 586 2425 704 holm}

341 714 617 797 ἠγάγετο
663 717 828 798 πρὸς
874 710 1161 797 δώμαθ’.
1252 713 1288 778 ὁ
1338 710 1398 777 δ’
1444 715 1665 777 ἄλλων
1710 714 1885 778 ’ἵκετο
1933 715 2176 796 δῆμον,

324 816 565 906 ’Ἀργος
609 819 675 895 ἐς
722 820 1108 902 ίππόβοτον·
1153 822 1307 883 τόθι
1352 818 1478 903 γάρ
1513 820 1602 883 νύ
1648 819 1718 883 οἰ
1757 824 2023 901 αἴσιμον
2068 812 2187 899 ἦεν

237 945 316 985 24⁰
340 922 680 1008 ναιέμεναι
724 928 1070 989 πολλοῖσιν
1116 919 1466 988 ἀνάσσοντ’
1515 920 1925 1009 Ἀργείοισιν.

124 1003 245 1118 ¹³33}
343 1031 512 1094 ἔνθα
558 1026 618 1093 δ’
666 1031 863 1112 ἔγημε
866 1039 1191 1121 Λγυναῖκα
1234 1026 1346 1093 καὶ
1391 1024 1717 1114 ὑψερεφὲς
1762 1025 1919 1092 θέτο
1967 1028 2186 1110 δῶμα,

342 1137 604 1216 γείνατο
652 1132 713 1198 δ’
761 1132 1152 1217 Ἀντιφάτην
1197 1131 1308 1198 καὶ
1351 1133 1692 1216 Μάντιον,
1735 1124 1839 1197 υἷε
1884 1131 2190 1217 κραταιώ.

337 1234 722 1324 Ἀντιφάτης
766 1235 888 1323 μὲν
927 1241 1183 1330 1ἔτικτεν
1221 1236 1482 1322 Ὀικλῆα
1527 1237 1947 1321 μεγάθυμον,

343 1344 549 1430 αὐτὰρ
590 1338 901 1429 Ὀικλείης
946 1347 1275 1410 λαοσσόον
1312 1340 1753 1430 Ἀμφιάραον,

239 1468 315 1509 245
345 1449 425 1514 ὃν
471 1447 621 1535 περὶ
664 1458 819 1535 κῆρι
863 1453 1043 1534 φίλει
1091 1450 1259 1525 Ζεύς
1303 1445 1359 1512 τ’
1404 1450 1695 1534 αἰγίοχος
1736 1445 1849 1513 καὶ
1884 1445 2222 1512 Ἀπόλλων

343 1558 665 1638 παντοίην
709 1552 1003 1641 φιλότητ’
1025 1574 1039 1588 ·
1085 1555 1168 1621 οὐ
1215 1548 1278 1618 δ’
1318 1555 1494 1620 ’ἵκετο
1541 1557 1785 1638 γήραος
1830 1553 2069 1635 οὐδόν,

345 1657 487 1724 ἀλλ’
533 1658 704 1725 ὄλετ’
752 1660 825 1725 ἐν
873 1661 1131 1746 Θήβῃσι
1176 1662 1473 1741 γυναίων
1519 1659 1738 1724 εἵνεκα
1785 1659 2037 1742 δώρων.

343 1773 465 1832 τοῦ
512 1763 572 1829 δ’
613 1766 781 1841 υίεῖς
827 1760 1112 1846 ἐγένοντ’
1162 1760 1500 1847 Ἀλκμάων
1539 1761 1928 1847 Ἀμφίλοχός
1970 1784 2056 1826 τε.

344 1871 646 1946 Μάντιος
690 1864 775 1933 αὖ
821 1867 1036 1935 τέκετο
1084 1867 1510 1953 Πολυφείδεά
1552 1890 1622 1931 τε
1667 1869 1950 1931 Κλεῖτόν
1993 1884 2088 1930 τε·

241 1995 321 2036 260
347 1971 490 2040 ἀλλ’
534 1976 681 2058 ἤτοι
727 1977 1008 2039 Κλεῖτον
1054 1976 1513 2058 χρυσόθρονος
1555 1972 1849 2055 ’ἥρπασεν
1886 1968 2061 2045 Ἠὼς

345 2079 617 2155 κάλλεος
661 2079 878 2143 εἵνεκα
925 2069 1026 2144 οἷο
1040 2127 1059 2161 ,
1104 2075 1191 2142 ἵν’
1240 2076 1633 2142 ἀθανάτοισι
1677 2079 1916 2159 μετείη.

346 2184 551 2270 αὐτὰρ
597 2181 991 2268 ὑπέρθυμον
1037 2183 1462 2267 Πολυφείδεα
1512 2182 1749 2264 μάντιν
1787 2175 2125 2246 Ἀπόλλων

343 2296 512 2374 θῆκε
558 2292 816 2375 βροτῶν
860 2285 959 2374 ὄχ’
1004 2289 1308 2375 ἄριστον,
1355 2284 1493 2352 ἐπεὶ
1537 2286 1752 2351 θάνεν
1790 2283 2214 2371 Ἀμφιάραος·

346 2394 419 2472 ὅς
464 2389 526 2480 ῤ’
567 2389 1079 2481 οΤπερησίην·“δ’
1129 2393 1541 2459 ἀπενάσσατο
1587 2389 1786 2475 πατρὶ
1831 2395 2182 2477 χολωθείς,

240 2519 316 2562 25⁶
346 2498 492 2566 ἔνθ’
537 2500 572 2564 ὅ
619 2524 693 2584 γε
737 2500 1061 2564 ναιετάων
1106 2500 1462 2582 μαντεύετο
1508 2507 1669 2562 πᾶσι
1712 2501 2029 2582 βροτοῖσι.

433 2615 554 2671 τοῦ
591 2602 712 2688 μὲν
748 2601 854 2690 ἄρ’
897 2603 1043 2678 υίὸς
1079 2601 1352 2684 ἐπῆλθε,
1394 2602 1846 2684 Θεοκλύμενος
1882 2599 1940 2665 δ’
1988 2595 2173 2683 ὄνομ’
2216 2596 2357 2682 ἦεν,

348 2711 418 2786 ὃς
462 2712 607 2774 τότε
662 2707 1043 2790 Τηλεμάχου
1088 2703 1286 2782 πέλας
1329 2706 1580 2770 ἵστατο·
1626 2706 1745 2769 τὸν
1792 2701 1866 2768 δὲ
1910 2708 2135 2789 κίχανε

347 2809 691 2879 σπένδοντ’
742 2810 1104 2895 εὐχόμενόν
1147 2833 1216 2874 τε
1261 2816 1396 2894 θοῇ
1440 2809 1618 2893 παρὰ
1661 2806 1775 2892 νηὶ
1819 2812 2092 2895 μελαίνῃ
2108 2858 2126 2891 ,

344 2922 463 2983 καί
501 2941 616 3001 μιν
660 2918 975 3002 φωνήσας
1019 2917 1175 2980 ἔπεα
1219 2918 1575 3000 πτερόεντα
1618 2914 1991 2998 προσηύδα·

239 3047 319 3086 260
436 3019 533 3108 ,,ὦ
578 3020 750 3107 φίλ’,
792 3021 940 3087 ἐπεί
980 3037 1051 3086 σε
1097 3021 1356 3086 θύοντα
1400 3018 1646 3105 κιχάνω
1692 3018 1849 3108 τῷδ’
1896 3018 1997 3085 ἐνὶ
2040 3022 2267 3109 χώρῳ,

46 3155 87 3198 :r
122 3159 189 3220 χι
212 3121 603 3216 ιῖ-κῆῖίσσοβ
646 3124 813 3214 ὑπὲρ
857 3124 1085 3216 θυέων
1130 3123 1239 3190 καὶ
1285 3126 1630 3209 δαίμονος,
1676 3125 1881 3211 αὐτὰρ
1928 3128 2146 3191 ἔπειτα

348 3243 465 3320 σῆς
507 3231 562 3299 τ’
608 3234 815 3299 αὐτοῦ
859 3237 1145 3317 κεφαλῆς
1187 3228 1298 3296 καὶ
1347 3228 1654 3315 ἑταίρων,
1701 3233 1772 3296 οἵ
1810 3255 1913 3297 τοι
1960 3230 2258 3313 ἕπονται,

347 3337 492 3405 εἰπέ
531 3362 644 3421 μοι
689 3337 1008 3426 εἰρομένῳ
1053 3335 1375 3422 νημερτέα
1420 3332 1574 3421 μηδ’
1620 3334 1987 3422 ἐπικεύσῃς·

347 3447 476 3527 τίς,
518 3446 732 3508 πόθεν
778 3444 871 3519 εἰς
917 3441 1214 3523 ἀνδρῶν;
1259 3444 1426 3506 πόθι
1469 3464 1572 3505 τοι
1614 3444 1804 3518 πόλις
1846 3437 1966 3524 ήδὲ
2010 3442 2309 3525 τοκῆες;“

242 3573 321 3613 265
435 3551 553 3615 τὸν
600 3544 661 3612 δ’
707 3542 791 3611 αὖ
848 3543 1221 3631 Τηλέμαχος
1264 3542 1677 3629 πεπνυμένος
1721 3546 1950 3613 ἀντίον
1994 3547 2193 3631 ηὔδα·
