2650 3909
380 273 506 337 176
1023 293 1065 326 ω
1103 275 1215 342 (24)
1255 271 1493 342 δευτέρα
1529 270 1743 327 νέκυια.

373 432 541 519 ἀμφὶ
588 432 667 499 δέ
710 431 770 499 σ’
812 435 1095 517 ἔστησαν
1138 444 1374 520 κοῦραι
1422 432 1637 499 ἁλίοιο
1685 430 1995 518 γέροντος

376 537 575 625 οἴκτρ’
624 539 1147 624 ὀλοφυρόμεναι,
1191 537 1341 622 περὶ
1391 535 1449 603 δ’
1499 540 1795 623 ἄμβροτα
1840 540 2069 622 εἵματα
2115 540 2332 605 ἔσσαν.

295 669 349 707 eo
376 648 649 711 Μοῦσαι
697 642 756 708 δ’
804 642 997 709 ἐννέα
1042 653 1246 709 πᾶσαι
1291 644 1721 729 ἀμειβόμεναι
1767 642 1879 709 ὀπὶ
1923 649 2090 729 καλῇ

374 752 686 833 θρήνεον.
777 751 946 814 ἔνθά
989 773 1106 814 κεν
1151 750 1232 815 οὔ
1278 746 1405 813 τιν’
1449 748 1827 830 ἀδάκρυτόν
1872 772 1946 831 γε
1992 753 2238 833 νόησας

370 852 709 938 Ἀργείων·
754 865 938 919 τοῖον
984 855 1110 939 γάρ
1156 853 1461 946 ὑπώρορε
1506 856 1754 918 Μοῦσα
1800 857 2027 936 λίγεια.
2110 862 2299 926 luns-

378 959 536 1025 ἑπτὰ
582 956 656 1025 δὲ
700 957 810 1023 καὶ
857 958 1014 1023 δέκα
1060 956 1184 1042 μέν
1233 974 1304 1022 σε
1352 958 1529 1042 ὁμῶς
1571 959 1814 1035 νύκτάς
1857 981 1927 1023 τε
1973 957 2082 1023 καὶ
2126 956 2299 1044 ἦμαρ

376 1068 687 1147 κλαίομεν
732 1058 1063 1129 ἀθάνατοί
1102 1086 1169 1127 τε
1214 1061 1368 1128 θεοὶ
1415 1068 1662 1147 θνητοί
1700 1060 1757 1128 τ’
1802 1066 2177 1150 ἄνθρωποι·

82 1195 230 1284 ⁶1⁵*
298 1193 350 1232 65
378 1169 894 1254 ὀκτωκαιδεκάτῃ
942 1166 1003 1233 δ’
1048 1170 1288 1261 ἔδομεν
1333 1173 1527 1254 πυρί,
1571 1170 1783 1235 πολλὰ
1829 1168 1909 1234 δέ
1949 1168 2011 1235 σ’
2055 1168 2224 1254 ἀμφὶ

378 1278 551 1358 μῆλα
595 1275 1073 1359 κατεκτάνομεν
1119 1275 1293 1358 μάλα
1340 1277 1540 1340 πίονα
1584 1272 1695 1339 καὶ
1741 1274 1959 1351 ἕλικας
2002 1279 2178 1359 βοῦς.

378 1382 559 1444 καίεο
606 1377 665 1443 δ’
713 1381 785 1443 ἔν
829 1377 885 1444 τ’
934 1380 1165 1464 ἐσθῆτι
1210 1386 1394 1444 θεῶν
1440 1378 1549 1444 καὶ
1595 1378 1899 1463 ἀλείφατι
1943 1385 2166 1469 πολλςό

378 1483 488 1548 καὶ
533 1483 742 1567 μέλιτι
788 1491 1114 1571 γλυκερῷ·
1160 1484 1397 1551 πολλοὶ
1446 1483 1506 1550 δ’
1551 1485 1762 1571 ἥρωες
1800 1483 2043 1570 Ἀχαιοὶ

379 1591 678 1674 τεύχεσιν
724 1591 1099 1677 ἐρρώσαντο
1147 1593 1367 1677 πυρὴν
1412 1590 1562 1674 πέρι
1606 1590 2015 1674 καιομένοιο,

306 1713 356 1754 70
378 1699 565 1773 πεζοί
600 1694 676 1760 θ’
719 1695 947 1778 ἱππῆές
990 1714 1084 1760 τε·
1132 1699 1341 1772 πολὺς
1386 1694 1446 1760 δ’
1491 1696 1866 1780 ὀρυμαγδὸς
1908 1696 2161 1780 ὀρώρει.

380 1800 586 1884 αὐτὰρ
635 1798 772 1864 ἐπεὶ
820 1801 903 1884 δή
951 1817 1039 1889 σε·
1069 1800 1236 1884 φλὸξ
1284 1801 1533 1883 ἤνυσεν
1568 1798 1991 1884 Ἡφαίστοιο,

380 1905 606 1987 ἠῶθεν
653 1906 736 1987 δή
782 1928 885 1970 τοι
932 1903 1210 1987 λέγομεν
1257 1900 1435 1969 λεύκ’
1481 1902 1685 1988 ὀστέ’,
1723 1903 2050 1990 Ἀχιλλεῦ,

382 2016 542 2097 οἴνῳ
590 2009 663 2074 ἐν
709 2009 967 2096 ἀκρήτῳ
1012 2007 1121 2073 καὶ
1169 2008 1493 2094 ἀλείφατι.
1585 2012 1754 2075 δῶκε
1803 2007 1878 2075 δὲ
1922 2013 2132 2094 μήτηρ

380 2116 664 2200 χρύσεον
710 2114 1121 2204 ἀμφᾞορῆα·
1179 2116 1563 2181 Διωνύσοιο
1612 2112 1687 2180 δὲ
1733 2118 1954 2199 δῶρον
2034 2107 2311 2170 ΡΜ
2336 2127 2455 2161 ¹³⁰⁰*-

304 2234 355 2274 ‘16
383 2217 578 2305 φάσκ’
627 2222 879 2303 ἔμεναι,
925 2223 1121 2304 ἔργον
1168 2219 1243 2284 δὲ
1287 2226 1686 2306 περικλυτοῦ
1721 2219 2132 2306 Ἡφαίστοιο.

384 2326 457 2391 ἐν
502 2336 591 2414 τῷ
636 2350 740 2391 τοι
783 2336 990 2394 κεῖται
1036 2323 1211 2390 λεύκ’
1264 2325 1490 2410 ὀστέα,
1535 2323 1797 2411 φαίδιμ’
1841 2324 2167 2411 Ἀχιλλεῦ,

384 2433 585 2514 μίγδα
631 2428 704 2495 δὲ
752 2434 1170 2516 Πατρόκλοιο
1219 2433 1672 2498 Μενοιτιάδαο
1718 2436 2080 2515 θανόντος,

382 2534 582 2622 χωρὶς
627 2534 688 2600 δ’
731 2532 1166 2621 Ἀντιλόχοιο,
1212 2539 1328 2602 τὸν
1377 2535 1568 2623 ἔξοχα
1611 2550 1743 2615 τῖες
1787 2536 2097 2602 ἁπάντων

384 2652 516 2706 τῶν
562 2642 782 2705 ἄλλων
829 2629 1080 2723 ἑτάρων
1126 2642 1286 2724 μετὰ
1332 2641 1725 2726 Πάτροκλόν
1768 2663 1844 2724 γε
1886 2644 2201 2706 θανόντα.

304 2770 356 2808 80
384 2742 543 2829 ἀμφ’
589 2745 845 2810 αὐτοῖσι
893 2742 954 2808 δ’
999 2747 1218 2809 ἔπειτα
1263 2742 1470 2828 μέγαν
1514 2741 1624 2808 καὶ
1670 2743 1976 2827 ἀμύμονα
2019 2745 2272 2827 τύμβον

385 2850 667 2935 χεύαμεν
708 2842 1019 2933 Ἀργείων
1067 2849 1241 2934 ίερὸς
1286 2849 1558 2934 στρατὸς
1603 2848 1979 2931 αἰχμητάων

385 2953 546 3038 ἀκτῇ
592 2955 697 3017 ἔπι
741 2955 1154 3040 προυχούσῃ,
1201 2951 1305 3018 ἐπὶ
1351 2957 1584 3018 πλατεῖ
1613 2950 2105 3044 Ἑλλησπόντῳ,

387 3061 474 3136 ὥς
508 3081 624 3123 κεν
667 3059 1040 3144 τηλεφανὴς
1084 3059 1155 3124 ἐκ
1199 3060 1529 3140 ποντόφιν
1577 3058 1903 3144 ἀνδράσιν
1948 3066 2047 3143 εἴη

385 3175 551 3247 τοῖς,
598 3168 668 3229 οἳ
706 3173 834 3228 νῦν
881 3165 1150 3246 γεγάασι
1196 3161 1305 3227 καὶ
1353 3167 1423 3228 οἳ
1463 3168 1864 3247 μετόπισθεν
1911 3168 2189 3231 ἔσονται.

306 3292 359 3332 85
386 3271 596 3354 μήτηρ
644 3267 706 3333 δ’
750 3271 1068 3353 αἰτήσασα
1112 3272 1317 3345 θεοὺς
1361 3265 1731 3356 περικαλλέ’
1773 3271 1985 3335 ἄεθλα

383 3380 551 3456 θῆκε
597 3373 773 3462 μέσῳ
821 3373 894 3439 έν
938 3372 1147 3457 ἀγῶνι
1193 3374 1618 3459 ἀριστήεσσιν
1656 3374 1953 3460 Ἀχαιῶν.

384 3479 511 3561 ἤδη
558 3474 680 3562 μὲν
724 3478 984 3545 πολέων
1030 3482 1216 3568 ἰς-α’,φῳ
1265 3480 1532 3567 ἀνδρῶν
1581 3480 2021 3565 ἀντεβόλησας
2041 3457 2275 3603 νΐᾱ-νψί
2317 3488 2513 3607 rw

384 3582 653 3665 ἡρώων,
700 3582 806 3647 ὅτε
852 3582 967 3650 κέν
1010 3580 1155 3650 ποτ’
1198 3585 1663 3671 ἀποφθιμένόυ
1708 3590 2023 3670 βασιλῆος
