2650 3909
353 258 479 323 102
718 278 749 311 τ
785 259 898 329 (19)
932 255 1232 319 Ὀδυσσέως
1269 255 1367 309 καὶ
1403 253 1732 324 Πηνελόπης
1768 252 1969 324 ὁμιλία.

345 420 655 504 πτωχεύω
703 415 763 484 δ’
809 416 936 483 ἀνὰ
985 419 1226 502 δῆμον;
1274 415 1592 499 ἀναγκαίη
1641 415 1765 498 γὰρ
1812 412 2073 495 ἐπείγει.

346 535 635 590 τοιοῦτοι
679 521 926 607 πτωχοὶ
970 521 1080 588 καὶ
1124 521 1448 605 ἀλήμονες
1493 521 1731 605 ἄνδρες
1774 521 1937 584 ἔασι.

268 652 320 691 75
347 627 456 695 καὶ
502 630 628 714 γάρ
675 627 802 710 ἐγώ
848 647 1003 693 ποτε
1050 622 1235 692 οἶκον
1283 625 1357 691 ἐν
1403 625 1858 709 ἀνθρώποισιν
1905 625 2130 688 ἔναιον

347 736 570 818 ὄλβιος
614 733 894 819 ἀφνειὸν
938 730 1048 797 καὶ
1093 732 1371 797 πολλάκι
1419 732 1663 795 δόσκον
1713 728 1917 814 ἀλήτῃ
2108 806 2111 807 ⁷

346 842 537 928 τοίῳ,
584 839 810 914 ὁποῖος
856 840 954 903 ἔοι
998 835 1109 902 καὶ
1154 837 1304 900 ὅτευ
1351 832 1746 920 κεχρημένος
1791 835 2005 898 ἔλθοι·

348 939 518 1027 ἦσαν
564 939 639 1007 δὲ
685 944 897 1026 δμῶες
940 940 1114 1023 μάλα
1160 942 1385 1024 μυρίοι
1431 938 1599 1003 ἄλλά
1643 961 1710 1002 τε
1758 938 2003 1019 πολλά,

350 1041 524 1114 οἷσίν
567 1043 623 1112 τ’
669 1041 745 1111 εὖ
792 1047 1028 1124 ζώουσι
1072 1043 1182 1110 καὶ
1227 1041 1493 1129 ἀφνειοὶ
1539 1042 1901 1109 καλέονται.
2505 1092 2612 1158 m

269 1178 321 1217 80
350 1153 515 1218 ἀλλὰ
563 1155 730 1228 Ζεὺς
777 1150 1060 1239 ἀλάπαξε
1108 1153 1442 1235 Κρονίων·
1489 1150 1690 1232 ἤθελε
1738 1148 1863 1234 γάρ
1907 1168 2055 1214 που.
2096 1088 2631 1264 ιῖἶζέῼῖξιζςυῷ

23 1234 438 1356 (Uruk-⁴121&
485 1267 636 1370 vfngx
659 1258 747 1341 μή
793 1276 949 1322 ποτε
994 1252 1105 1320 καὶ
1152 1255 1265 1338 σύ,
1310 1256 1540 1337 γύναι,
1587 1253 1714 1319 ἀπὸ
1760 1263 1978 1319 πᾶσαν
2024 1241 2298 1339 ὀλέσσῃς
2634 1246 2635 1267 ᾖ

351 1363 661 1448 ἀγλαΐην,
705 1370 783 1447 τῇ
829 1371 956 1428 νῦν
1001 1385 1075 1445 γε
1121 1361 1279 1445 μετὰ
1326 1362 1583 1449 δμωῇσι
1627 1358 1967 1444 κέκασσαι,

350 1471 435 1553 ἤν
479 1490 615 1545 πως
658 1491 761 1534 τοι
808 1464 1124 1533 δέσποινα
1167 1464 1611 1551 κοτεσσαμένη
1656 1467 1988 1552 χαλεπήνῃ

351 1573 392 1657 ’ἢ
433 1571 741 1650 Ὀδυσεὺς
785 1575 977 1659 ἔλθῃ·
1024 1575 1119 1637 ἔτι
1163 1573 1288 1658 γὰρ
1335 1570 1445 1636 καὶ
1491 1570 1754 1648 ἐλπίδος
1799 1567 1970 1657 αἶσα.
2306 1574 2333 1639 ὅ

272 1700 325 1741 85
352 1682 415 1744 εἰ
456 1673 518 1743 δ’
562 1679 599 1744 ὁ
646 1675 766 1761 μὲν
813 1677 901 1754 ὣς
946 1677 1243 1743 ἀπόλωλε
1288 1676 1399 1741 καὶ
1445 1675 1665 1742 οὐκέτι
1710 1678 2019 1760 νόστιμός
2063 1591 2275 1760 grav,

352 1780 493 1849 ἀλλ’
538 1784 665 1866 ἤδη
712 1792 862 1858 παῖς
906 1794 1084 1858 τοῖος
1121 1779 1535 1857 Ἀπόλλωνός
1579 1804 1653 1863 γε
1699 1780 1908 1864 ἕκητι,

362 1884 755 1973 Τηλέμαχος·
802 1888 919 1950 τὸν
967 1883 1026 1950 δ’
1073 1887 1155 1951 οὔ
1200 1907 1297 1961 τις
1343 1883 1445 1950 ἐνὶ
1490 1885 1833 1969 μεγάροισι
1877 1897 2212 1969 γυναικῶν

352 1995 544 2075 λήθει
590 1987 1107 2073 ἄτασθάλλουσ’,
1153 1987 1292 2054 ἐπεὶ
1339 1988 1560 2055 οὐκέτι
1603 1993 1867 2074 τηλίκος
1913 1990 2153 2056 ἐστίν.“
2235 2044 2257 2068 „

441 2096 530 2173 ὣς
572 2095 773 2180 φάτο,
816 2103 937 2160 τοῦ
984 2093 1044 2159 δ’
1090 2096 1333 2178 ἤκουσε
1378 2098 1721 2180 περίφρων
1766 2099 2217 2183 Πηνελόπεια,

272 2224 326 2264 9⁰
353 2201 730 2287 ἀμφίπολον
777 2197 837 2266 δ’
883 2196 1181 2265 ἐνένιπεν
1226 2202 1382 2277 ἔπος
1426 2198 1481 2265 τ’
1525 2199 1709 2284 ἔφατ’
1757 2203 1830 2266 ἔκ
1873 2200 1930 2266 τ’
1972 2202 2274 2287 ὀνόμαζε·

443 2307 776 2392 ,,πάντως,
820 2303 1191 2391 θαρσαλέη,
1235 2306 1402 2372 κύον
1447 2300 1664 2391 ἀδεές,
1710 2308 1792 2373 οὔ
1837 2311 1908 2372 τί
1944 2332 2023 2392 με
2070 2313 2299 2395 λήθεις
2337 2318 2351 2330 Ἀ

353 2413 637 2499 ἔρδουσα
682 2411 848 2497 μέγα
893 2414 1123 2497 ἔργον,
1169 2411 1205 2476 ὃ
1254 2420 1336 2497 σῇ
1381 2417 1631 2497 κεφαλῇ
1678 2411 2052 2515 ἀναμάξεις·
2072 2405 2257 2496 wiva.

351 2519 564 2584 πάντα
608 2519 733 2603 γὰρ
779 2512 856 2583 εὖ
901 2515 1173 2604 ᾔδησθ’,
1220 2515 1359 2582 ἐπεὶ
1406 2516 1471 2595 ἐξ
1521 2517 1676 2602 ἐμεῦ
1723 2522 1947 2597 ἔκλυες
1991 2521 2189 2604 αὐτῆς

355 2624 443 2701 ὡς
486 2626 604 2690 τὸν
650 2622 871 2700 ξεῖνον
917 2626 1189 2705 ἔμελλον
1235 2619 1335 2686 ἐνὶ
1382 2623 1767 2708 μεγάροισιν
1814 2625 2068 2708 ἐμοῖσιν

272 2751 326 2791 95
354 2727 521 2813 ἀμφὶ
564 2730 752 2793 πόσει
798 2733 1128 2812 εἴρεσθαι,
1174 2725 1315 2792 ἐπεὶ
1357 2740 1652 2806 πυκινῶς
1697 2728 2083 2814 ἀκάχημαι.“

439 2828 481 2916 ἦ
530 2832 614 2917 ῥα
658 2830 769 2896 καὶ
812 2831 1214 2918 Εὐρυνόμην
1258 2837 1499 2917 ταμίην
1543 2836 1708 2919 πρὸς
1750 2840 1973 2917 μῦθον
2018 2836 2258 2898 ἔειπεν·

443 2937 881 3023 ,,Εὐρυνόμη,
926 2934 1084 3023 φέρε
1133 2938 1215 3021 δὴ
1262 2939 1506 3024 δίφρον
1550 2936 1659 3003 καὶ
1704 2950 1877 3015 κῶας
1921 2935 2019 3004 ἐπ’
2065 2938 2300 3021 αὐτοῦ,

353 3045 526 3130 ὄφρα
571 3045 1008 3127 καθεζόμενος
1051 3047 1200 3128 εἴπῃ
1247 3044 1401 3119 ἔπος
1443 3041 1550 3128 ἠδ’
1595 3043 1925 3130 ἐπακούσῃ

354 3149 391 3214 ὁ
437 3148 650 3227 ξεῖνος
696 3146 959 3234 ἐμέθεν·
1008 3146 1220 3212 ἐθέλω
1266 3144 1347 3212 δέ
1387 3171 1502 3230 μιν
1547 3147 1984 3233 ἐξερέεσθαι.“

247 3277 328 3316 ιοο
442 3252 530 3329 ὣς
576 3252 805 3339 ἔφαθ’,
849 3252 890 3336 ἡ
938 3248 1013 3317 δὲ
1057 3248 1210 3335 μάλ’
1253 3250 1576 3337 ὀτραλέως
1619 3253 1940 3337 κατέθηκε
1984 3251 2279 3339 φέρουσα

353 3359 599 3442 δίφρον
647 3357 951 3435 ἐύξεστον
996 3355 1106 3422 καὶ
1154 3355 1248 3420 ἐπ’
1296 3357 1472 3443 αὐτῷ
1519 3367 1691 3434 κῶας
1736 3361 2035 3442 ἔβαλλεν·

353 3464 521 3526 ἔνθα
566 3460 855 3540 καθέζετ’
903 3465 1122 3527 ἔπειτα
1166 3461 1493 3536 πολύτλας
1538 3462 1681 3537 δῖος
1718 3460 2088 3542 Ὀδυσσεύς.

351 3578 523 3632 τοῖσι
570 3562 644 3630 δὲ
689 3567 927 3649 μύθων
971 3562 1128 3651 ἦρχε
1174 3568 1513 3650 περίφρων
1560 3568 2006 3649 Πηνελόπεια·
