2650 3909
338 234 427 295 44
647 314 662 328 .
903 251 933 287 ο
972 236 1082 301 (15)
1126 233 1452 303 Τηλεμάχου
1490 228 1783 297 ἐπάνοδος.

234 416 314 455 360
341 393 585 458 ἐνθάδε
630 393 955 458 ναιετάων
999 398 1193 478 φίλος
1236 400 1337 477 εἴη
1384 395 1494 459 καὶ
1537 398 1699 478 φίλα
1745 394 1945 480 ἕρδοι.

341 500 516 583 ὄφρα
561 497 683 582 μὲν
730 493 854 564 οὖν
901 499 984 583 δὴ
1030 502 1214 583 κείνη
1265 501 1413 582 ἔην,
1457 498 1742 584 ἀχέουσά
1787 521 1908 584 περ
1956 503 2189 584 ἔμπης,

338 604 554 689 τόφρά
597 607 668 669 τί
707 596 820 686 μὀι
864 607 1064 688 φίλον
1111 605 1258 682 ἔσκε
1304 608 1702 686 μεταλλῆσαι
1747 602 1856 668 καὶ
1903 607 2202 688 ἔρεσθαι,

340 708 581 774 οὕνεκά
626 706 693 792 μ’
737 708 902 792 αὐτὴ
950 707 1203 795 θρέψεν
1248 709 1383 791 ἅμα
1429 706 1718 794 Κτιμένῃ
1764 708 2183 797 τανυπέπλῳ,

337 811 651 900 θυγατέρ’
700 816 974 899 ἰφθίμῃ,
1019 814 1141 897 τὴν
1187 812 1555 896 ὁπλοτάτην
1599 812 1744 878 τέκε
1789 815 2071 879 παίδων·

234 940 312 980 365
339 928 417 1004 τῇ
465 920 634 1002 ὁμοῦ
680 918 1080 1002 ἐτρεφόμην,
1126 918 1356 1000 ὀλίγον
1402 915 1482 982 δέ
1521 921 1590 982 τί
1629 914 1693 1002 μ’
1739 913 1947 1001 ἧσσον
1995 918 2197 1003 ἐτίμα.

340 1024 547 1107 αὐτὰρ
594 1023 738 1089 ἐπεί
777 1021 840 1107 ῤ’
881 1023 1055 1107 ’ἥβην
1099 1025 1519 1110 πολυήρατον
1566 1023 1828 1108 ἱκόμεθ’
1870 1027 2095 1109 ἄμφω,

338 1130 461 1212 τὴν
506 1125 629 1212 μὲν
676 1131 896 1193 ἔπειτα
941 1129 1180 1212 Σάμην
1227 1125 1301 1192 δὲ
1348 1130 1556 1194 δόσαν
1601 1127 1711 1194 καὶ
1756 1128 1938 1217 μυρί’
1983 1130 2240 1212 ἕλοντο,

341 1233 547 1320 αὐτὰρ
596 1230 709 1318 ἐμὲ
753 1234 1031 1320 χλαῖνάν
1076 1256 1145 1299 τε
1192 1235 1436 1317 χιτῶνά
1481 1257 1549 1299 τε
1596 1233 1804 1318 εἵματ’
1846 1235 2061 1319 ἐκείνη

339 1341 507 1405 καλὰ
552 1337 703 1424 μάλ’
748 1337 1123 1424 ἀμφιέσασα
1167 1343 1365 1405 ποσίν
1408 1337 1481 1405 θ’
1523 1341 1911 1425 ὑποδήματα
1957 1342 2166 1406 δοῦσα

235 1467 314 1507 3⁷0
342 1445 549 1531 ἀγρὸν
595 1441 670 1510 δὲ
714 1448 1055 1531 προΐαλλε·
1101 1448 1282 1532 φίλει
1328 1443 1409 1510 δέ
1448 1468 1528 1530 με
1572 1449 1818 1531 κηρόθι
1862 1450 2133 1529 μᾶλλον.

339 1560 468 1616 νῦν
515 1548 576 1616 δ’
620 1552 749 1635 ἤδη
794 1551 1050 1616 τούτων
1095 1548 1506 1634 ἐπιδεύομαι·
1556 1551 1722 1616 ἀλλά
1767 1574 1881 1635 μοι
1926 1550 2101 1637 αὐτῷ

65 1653 95 1750 ¹3
128 1681 155 1724 -ε
182 1645 274 1735 ,.)
343 1659 540 1741 ἔργον
584 1654 894 1758 ἀέξουσιν
938 1656 1224 1742 μάκαρες
1265 1654 1421 1721 θεοὶ
1466 1649 1518 1742 ᾧ
1567 1655 1919 1739 ἐπιμίμνω·

62 1763 75 1772 “
340 1772 474 1836 τῶν
519 1763 772 1845 ἔφαγόν
816 1757 873 1825 τ’
920 1762 1107 1825 ἔπιόν
1152 1783 1221 1826 τε
1266 1758 1378 1824 καὶ
1424 1761 1780 1826 αἰδοίοισιν
1827 1761 2057 1824 ἔδωκα.

343 1866 414 1930 ἐκ
460 1861 521 1929 δ’
567 1867 693 1950 ἄρα
740 1867 1090 1948 δεσποίνης
1135 1863 1216 1942 οὐ
1260 1866 1558 1949 μείλιχόν
1603 1864 1783 1936 ἐστιν
1830 1863 2106 1929 ἀκοῦσαι

236 1992 315 2032 3⁷5
342 1967 479 2037 οὔτ’
529 1973 681 2046 ἔπος
726 1968 883 2035 οὔτέ
920 1993 985 2034 τι
1031 1971 1257 2054 ἔργον,
1305 1967 1445 2034 ε’πεὶ
1489 1972 1694 2035 κακὸν
1740 1971 2018 2053 ἔμπεσεν
2066 1975 2255 2057 οἴκῳ,

343 2077 581 2160 ἄνδρες
623 2076 1047 2161 ὑπερφίαλοι·
1094 2072 1260 2158 μέγα
1306 2070 1382 2138 δὲ
1428 2075 1641 2158 δμῶες
1683 2072 2029 2160 χατέουσιν

344 2180 534 2246 ἀντία
581 2181 934 2262 δεσποίνης
977 2180 1236 2264 φάσθαι
1279 2177 1391 2244 καὶ
1436 2178 1674 2244 ἕκαστα
1715 2178 2057 2245 πυθέσθαι

341 2283 453 2352 καὶ
497 2284 792 2370 φαγέμεν
836 2283 1069 2369 πιέμεν
1114 2309 1213 2369 τε,
1259 2287 1480 2352 ἔπειτα
1526 2282 1601 2350 δὲ
1647 2289 1763 2351 καί
1799 2309 1863 2350 τι
1907 2285 2232 2373 φέρεσθαι

343 2391 551 2490 ἀγρὸν
598 2389 688 2474 δ’,
735 2382 843 2455 οἶά
887 2414 957 2481 τε
1002 2393 1228 2475 θυμὸν
1272 2389 1376 2456 ἀεὶ
1421 2392 1752 2475 δμώεσσιν
1799 2392 2056 2457 ἰαίνει.“

238 2527 318 2567 380
434 2509 551 2572 τὸν
590 2503 651 2570 δ’
696 2505 1218 2589 ἀπαμειβόμενος
1253 2501 1552 2589 προσέφη
1589 2505 1950 2589 πολύμητις
1979 2503 2354 2582 Ὀδυσσεύς·

431 2612 526 2694 „ab
572 2612 802 2692 πόποι,
849 2610 938 2684 ὡς
982 2611 1110 2690 ἄρα
1154 2609 1399 2684 τυτθὸς
1442 2608 1600 2689 ἐών,
1646 2609 1899 2691 Εὔμαιε
1946 2613 2240 2692 συβῶτα,

343 2715 592 2780 πολλὸν
637 2710 1106 2796 ἀπεπλάγχθης
1150 2720 1267 2794 σῆς
1309 2713 1625 2795 πατρίδος
1667 2708 1788 2793 η’δὲ
1832 2714 2104 2794 τοκήων.

347 2816 491 2883 ἀλλ’
538 2818 655 2899 ἄγε
702 2839 815 2899 μοι
859 2817 1011 2880 τόδε
1058 2811 1198 2879 εἰπὲ
1243 2812 1354 2879 καὶ
1398 2813 1717 2900 ἀτρεκέως
1759 2815 2142 2900 κατάλεξον,

60 2941 121 2992 :t
162 2899 319 2980 υέιὶ
343 2921 419 3008 ἠὲ
466 2922 860 3008 διεπράθετο
906 2923 1133 2998 πτόλις
1177 2920 1444 3005 ἀνδρῶν
1489 2919 1882 3006 εὐρυάγυια,

238 3024 386 3116 38εῇ
435 3032 536 3094 ἔνι
579 3026 964 3093 ναιετάασκε
1010 3027 1221 3112 πατὴρ
1268 3023 1378 3090 καὶ
1421 3029 1659 3091 πότνια
1703 3030 1948 3113 μήτηρ,

342 3129 383 3217 ἦ
433 3132 580 3217 σέγε
625 3130 1062 3217 μουνωθέντα
1106 3129 1257 3216 παρ’
1305 3138 1516 3197 οἴεσιν
1562 3132 1603 3215 ἢ
1648 3134 1823 3218 παρὰ
1868 3131 2107 3216 βουσὶν

344 3241 582 3322 ἄνδρες
627 3235 980 3322 δυσμενέες
1024 3235 1267 3322 νηυσὶν
1313 3237 1523 3320 λάβον
1567 3234 1686 3320 ἠδὲ
1730 3234 2067 3324 πέρασσαν

343 3338 500 3395 τοῦδ’
537 3340 745 3411 ἀνδρὸς
780 3340 920 3412 πρὸς
955 3337 1206 3410 δώμαθ’,
1246 3339 1276 3394 ὁ
1314 3338 1372 3393 δ’
1405 3338 1568 3406 ἄξιον
1606 3334 1752 3394 ὦνον
1791 3337 2022 3393 ἔδωκε.“

430 3441 549 3506 τὸν
595 3434 655 3504 δ’
702 3436 856 3505 αὖτε
901 3438 1245 3525 προσέειπε
1293 3440 1623 3523 συβώτης,
1669 3440 1955 3524 ὄρχαμος
1998 3438 2292 3526 ἀνδρῶν·

238 3569 317 3609 390
433 3542 663 3629 ,,ξεῖν’,
710 3542 848 3609 ἐπεὶ
894 3544 976 3631 ἂρ
1024 3546 1108 3628 δὴ
1153 3545 1356 3610 ταῦτά
1402 3541 1468 3629 μ’
1514 3542 1806 3630 ἀνείρεαι
1851 3542 1970 3630 ἠδὲ
2016 3552 2356 3634 μεταλλᾷς,
