2650 3909
636 260 667 307 ρ
706 240 818 309 (17)
857 235 1134 303 ἐπάνοδος
1174 240 1499 311 Τηλεμάχου
1537 239 1617 303 εἰς
1647 238 1898 310 Ἰθάκην.
2193 239 2272 302 77

260 387 350 475 ἷζε
397 394 458 461 δ’
505 395 611 462 ἐπὶ
657 403 929 491 μελίνου
975 401 1186 466 οὐδοῦ
1231 402 1507 466 ἔντοσθε
1553 401 1834 483 θυράων
1920 401 2153 471 m

11 509 23 535 ‘
146 524 232 565 ³40
259 502 650 586 κλινάμενος
694 512 966 592 σταθμῷ
1012 509 1500 595 κυπαρισσίνῳ,
1545 505 1624 570 ὅν
1669 527 1825 571 ποτε
1870 503 2116 570 τέκτων

46 605 487 706 μλξέσ-σεν
533 607 975 694 ἐπισταμένως
1019 608 1129 676 καὶ
1175 609 1633 701 ἐπὶ-’στάθμην
1682 617 1898 676 ἴθυνε.
2074 597 2266 683 (λῖκνα,

269 710 642 799 Τηλέμαχος
688 713 750 779 δ’
794 712 901 779 ἐπὶ
947 706 1019 780 οἶ
1057 713 1336 792 καλέσας
1379 714 1725 800 προσέειπε
1773 717 2078 798 συβώτην

29 791 463 901 Μρτόν
507 816 563 883 τ’
608 814 813 906 οὲλον
860 816 1028 884 ἑλὼν
1073 818 1498 904 περικαλλέος
1542 820 1614 885 ἐκ
1657 819 1922 886 κανέοιο

258 921 369 988 καὶ
414 923 639 1008 κρέας,
685 925 773 1000 ὥς
818 925 888 989 οἰ
928 937 1138 1011 χεῖρες
1184 923 1553 1010 ἐχάνδανον
1599 924 2063 1010 ἀμφιβαλόντι·

151 1049 233 1090 345
351 1029 512 1112 ,,δὸς
556 1037 647 1115 τῷ
693 1028 884 1118 ξείνῳ
931 1039 1133 1095 ταῦτα
1178 1028 1404 1114 φέρων
1450 1032 1654 1097 αὐτόν
1698 1054 1767 1096 τε
1793 1029 2038 1096 κέλευε

261 1135 530 1211 αἰτίζειν
574 1135 749 1217 μάλα
793 1135 1042 1212 πάντας
1087 1135 1518 1221 ἐποιχόμενον
1564 1145 1964 1223 μνηστῆρας·

260 1239 463 1315 αἰδὼς
509 1236 568 1302 δ’
616 1239 739 1304 οὐκ
784 1238 1007 1324 ἀγαθὴ
1053 1238 1432 1330 κεχρημένῳ
1478 1239 1677 1325 ἀνδρὶ
1720 1240 2090 1326 παρεῖναι.“

350 1345 439 1420 ὣς
480 1344 675 1429 φάτο,
719 1349 804 1429 βῆ
852 1342 927 1410 δὲ
974 1350 1335 1430 συφορβός,
1381 1344 1518 1411 ἐπεὶ
1555 1349 1674 1412 τὸν
1710 1353 1935 1429 μῦθον
1972 1347 2278 1427 ἄκουσεν,

262 1450 470 1535 ἀγχοῦ
516 1444 577 1514 δ’
623 1450 968 1535 ἱστάμενος
1013 1453 1169 1515 ἔπεα
1213 1449 1544 1534 πτερόεντ’
1590 1449 1895 1536 ἀγόρευε·

154 1576 234 1616 350
352 1553 778 1640 ,,Τηλέμαχός
821 1579 957 1639 τοι,
1003 1555 1204 1639 ξεῖνε,
1249 1557 1435 1621 διδοῖ
1474 1556 1659 1633 τάδε,
1705 1558 1823 1620 καί
1862 1571 1935 1620 σε
1980 1554 2233 1619 κελεύει

262 1661 529 1737 αἰτίζειν
573 1660 747 1743 μάλα
791 1661 1038 1737 πάντας
1082 1659 1517 1746 ἐποιχόμενον
1562 1668 1960 1745 μνηστῆρας·

263 1766 428 1830 αἰδῶ
476 1762 538 1828 δ’
581 1765 704 1829 οὐκ
750 1764 1015 1849 ἀγαθήν
1059 1763 1218 1851 φησ’
1263 1768 1537 1850 ἔμμεναι
1583 1763 1780 1849 ἀνδρὶ
1824 1763 2162 1868 προ-ζκτῃὲ·
2220 1739 2436 1868 Μηιὶμ,

348 1872 467 1935 τὸν
506 1866 568 1934 δ’
613 1868 1135 1954 ἀπαμειβόμενος
1170 1871 1470 1956 προσέφη
1508 1873 1872 1954 πολύμητις
1900 1868 2276 1946 Ὀδυσσεύς·

353 1978 531 2056 ,,Ζεῦ
567 1975 718 2057 ἄνα,
773 1975 1154 2061 Τηλέμαχόν
1197 2000 1310 2060 μοι
1348 1975 1421 2040 ἐν
1458 1976 1782 2059 ἀνδράσιν
1819 1977 2049 2059 ὄλβιον
2085 1970 2279 2057 εἶναι,

156 2100 234 2140 355
262 2082 379 2143 καί
418 2079 489 2144 οἰ
525 2078 738 2143 πάντα
785 2078 1077 2164 γένοιτο,
1123 2081 1248 2145 ὅσα
1292 2079 1530 2165 φρεσὶν
1575 2075 1688 2166 ᾖσι
1736 2081 2074 2168 μενοινᾷ.“

350 2179 392 2267 ἦ
440 2183 525 2269 ῥα
569 2181 679 2248 καὶ
725 2183 1174 2271 ἀμφοτέρῃσιν
1221 2184 1487 2263 ἐδέξατο
1531 2182 1641 2249 καὶ
1690 2184 2054 2269 κατέθηκεν

263 2283 427 2352 αὗθι
471 2290 701 2355 ποδῶν
745 2291 1234 2375 προπάροιθεν,
1280 2288 1604 2372 ἀεικελίης
1648 2288 1755 2354 ἐπὶ
1799 2292 2041 2374 πήρης,

261 2396 458 2477 ἤσθιε
507 2392 568 2458 δ’
610 2393 731 2470 ἕως
775 2395 813 2459 ὅ
857 2392 913 2459 τ’
959 2395 1186 2470 ἀοιδὸς
1230 2392 1334 2458 ἐνὶ
1379 2393 1767 2477 μεγάροισιν
1813 2394 2062 2459 ἄειδεν·

263 2494 409 2564 εὖθ’
457 2499 493 2564 ὁ
542 2500 1030 2584 δεδειπνήκειν,
1073 2501 1110 2565 ὁ
1159 2493 1219 2563 δ’
1264 2498 1539 2564 ἐπαύετο
1584 2505 1772 2574 θεῖος
1816 2497 2067 2576 ἀοιδός·

158 2626 237 2665 seo
263 2612 628 2689 μνηστῆρες
673 2602 734 2669 δ’
777 2604 1120 2689 ὁμάδησαν
1166 2603 1294 2669 ἀνὰ
1339 2602 1595 2690 μέγαρ’.
1686 2604 1891 2689 αὐτὰρ
1932 2601 2180 2688 Ἀθήνη

264 2709 415 2793 ἄγχι
459 2708 907 2793 παρισταμένη
953 2708 1373 2795 Λαερτιάδην
1411 2705 1697 2792 Ὀδυσῆα

265 2810 534 2898 ὤτρυν’,
579 2814 668 2888 ὡς
712 2813 796 2878 ἂν
841 2815 1062 2899 πύρνα
1107 2815 1270 2879 κατὰ
1315 2822 1691 2898 μνηστῆρας
1735 2813 2021 2898 ἀγείροι,

263 2922 455 3002 γνοίη
499 2914 572 2982 θ’
621 2919 692 2983 οἵ
729 2916 903 2994 τινές
946 2921 1117 2984 εἰσιν
1162 2918 1489 3003 ἐναίσιμοι
1536 2921 1606 2985 οἵ
1644 2916 1702 2983 τ’
1748 2918 2119 3002 ἀθέμιστοι·

264 3021 407 3087 ἀλλ’
450 3020 597 3089 οὐδ’
642 3017 730 3099 ὧς
773 3019 897 3088 τιν’
943 3021 1154 3107 ἔμελλ’
1202 3023 1632 3107 ἀπαλεξήσειν
1676 3027 2046 3106 κακότητος.

156 3149 235 3190 365
263 3130 347 3210 βῆ
393 3125 455 3191 δ’
502 3134 649 3212 ἴμεν
695 3129 982 3210 αἰτήσων
1028 3126 1284 3206 ἐνδέξια
1327 3138 1513 3212 φῶτα
1558 3127 1866 3209 ἕκαστον,
1982 3148 2065 3189 m
2097 3119 2182 3191 rcf-

261 3233 545 3298 πάντοσε
591 3229 754 3318 χεῖρ’
800 3231 1055 3318 ὀρέγων
1068 3211 1221 3316 ‚7539
1265 3235 1329 3299 εἰ
1370 3235 1626 3318 πτωχὸς
1668 3231 1868 3296 πάλαι
1914 3239 2033 3316 εἴη.

258 3321 332 3401 οἱ
373 3335 433 3401 δ’
486 3337 890 3423 ἐλεαίροντες
938 3339 1248 3422 δίδοσαν,
1293 3335 1404 3403 καὶ
1451 3337 1785 3420 ἐθάμβεον
1830 3335 2066 3421 αὐτόν,

261 3440 586 3525 ἀλλήλους
630 3441 687 3507 τ’
734 3449 994 3528 εἴροντο
1039 3445 1139 3518 τίς
1183 3448 1284 3525 εἴη
1332 3439 1443 3506 καὶ
1487 3445 1702 3507 πόθεν
1749 3443 1959 3506 ἔλθοι.

260 3557 433 3613 τοῖσι
480 3543 555 3611 δὲ
600 3544 711 3612 καὶ
757 3545 1046 3630 μετέειπε
1091 3547 1517 3628 Μελάνθιος,
1562 3549 1833 3624 αἰπόλος
1878 3550 2110 3631 αἰγῶν·
