2650 3909
360 228 488 292 104
728 249 758 282 τ
796 232 906 298 (19)
938 185 1242 291 Ὀδυσσέως
1278 227 1378 281 καὶ
1413 225 1746 295 Πηνελόπης
1785 226 1985 295 ὁμιλία.

356 386 500 453 ἀλλ’
545 386 785 472 Ὀδυσῆ
830 387 1169 454 ποθέουσα
1213 392 1414 473 φίλον
1462 388 1900 470 κατατήκομαι
1944 382 2125 472 ἦτορ.

357 494 428 558 οἰ
466 490 541 558 δὲ
586 495 800 578 γάμον
847 495 1275 562 σπεύδουσιν·
1324 493 1452 576 ἐγὼ
1500 488 1574 557 δὲ
1621 493 1861 569 δόλους
1905 492 2267 584 τολυπεύω.

356 608 568 684 φᾶρος
609 597 732 683 μέν
778 623 891 683 μοι
935 610 1197 685 πρῶτον
1244 597 1595 664 ἐνέπνευσε
1641 596 1837 681 φρεσὶ
1884 598 2140 682 δαίμων

358 703 729 789 στησαμένῃ
774 703 982 788 μέγαν
1030 706 1212 770 ἰστὸν
1259 701 1361 767 ἐνὶ
1407 702 1790 787 μεγάροισιν
1836 701 2178 786 ὑφαίνειν,

255 832 331 871 140
358 812 596 874 λεπτὸν
640 807 751 874 καὶ
796 813 1212 894 περίμετρον·
1259 809 1438 894 ἄφαρ
1487 806 1549 872 δ’
1592 808 1817 884 αὐτοῖς
1862 806 2223 890 μετέειπον·

359 913 642 1000 εκοῦροι,
689 912 834 998 ἐμοὶ
878 923 1272 997 μνηστῆρες,
1320 911 1460 977 ἐπεὶ
1504 914 1672 978 θάνε
1721 914 1864 988 δῖος
1902 910 2281 995 Ὀδυσσεύς,

357 1017 612 1102 μίμνετ’
655 1019 1063 1104 ἐπειγόμενοι
1108 1021 1225 1084 τὸν
1272 1018 1433 1101 ἐμὸν
1478 1019 1724 1102 γάμον,
1768 1020 1862 1094 εἰς
1907 1017 1943 1081 ὅ
1988 1040 2061 1082 κε
2108 1027 2201 1102 φᾶ
2247 1041 2319 1094 ος

360 1122 674 1189 ἐκτελέσω
714 1163 779 1171 -
819 1126 908 1207 μή
953 1148 1065 1208 μοι
1112 1125 1486 1207 μεταμώνια
1530 1119 1765 1216 νήματ’
1806 1125 2034 1207 ὄληται
2070 1159 2137 1169 -
2164 1042 2444 1180 ’ἄνη-ΜΛ»

359 1227 618 1315 Λαέρτῃ
663 1230 831 1315 ἥρωι
875 1230 1188 1313 ταφήιον,
1234 1230 1328 1304 εἰς
1374 1229 1480 1293 ὅτε
1526 1226 1640 1293 κέν
1686 1252 1801 1312 μιν

255 1355 330 1395 145
358 1329 532 1418 μοῖρ’
579 1332 738 1417 ὀλοὴ
783 1332 1104 1419 καθέλῃσι
1149 1331 1538 1416 τανηλεγέος
1580 1333 1929 1398 θανάτοιο·

357 1441 445 1521 μή
491 1441 589 1515 τίς
631 1462 745 1522 μοι
790 1440 950 1504 κατὰ
998 1440 1209 1522 δῆμον
1250 1435 1643 1523 Ἀχαιιάδων
1687 1439 2046 1523 νεμεσήσῃ,
2166 1513 2189 1527 r
2395 1426 2418 1432 β
2473 1437 2632 1547 ζῇ

359 1549 437 1607 αι’
472 1566 587 1609 κεν
633 1545 786 1630 ἄτερ
835 1548 1107 1630 σπείρου
1153 1555 1362 1635 κεζῒτρει
1406 1544 1617 1608 πολλὰ
1661 1543 2366 1631 κτεατίσσαςῖἋΛΛκληᾹΛ

359 1647 446 1724 ὣς
492 1648 781 1732 ἐφάμην,
825 1620 1039 1714 τοῖσιν
1086 1644 1148 1712 δ’
1193 1647 1573 1712 ἐπεπείθετο
1618 1649 1836 1730 θυμὸς
1880 1645 2162 1730 ἀγήνωρ.
2367 1586 2403 1674 5

359 1755 526 1817 ἔνθα
571 1752 680 1818 καὶ
726 1754 963 1838 ἠματίη
1011 1749 1134 1835 μὲν
1179 1752 1585 1836 ὑφαίνεσκον
1629 1748 1837 1835 μέγαν
1884 1753 2096 1832 ἱστόν,

254 1880 330 1919 150
358 1860 597 1933 νύκτας
642 1854 711 1921 δ”
746 1857 1143 1940 ἀλλύεσκον,
1191 1856 1355 1940 ἐπὴν
1401 1858 1635 1932 δαΐδας
1676 1860 2113 1939 παραθείμην.

360 1963 448 2038 ὣς
491 1965 732 2046 τρίετες
776 1958 898 2045 μὲν
946 1964 1193 2044 ἔληθον
1240 1961 1380 2052 ἐγὼ,
1413 1959 1523 2025 καὶ
1569 1963 1840 2026 ἔπειθον
1879 1957 2204 2045 Ἀχαιούς·

359 2062 501 2130 ἀλλ’
546 2066 653 2131 ὅτε
698 2064 1007 2150 τέτρατον
1052 2060 1264 2148 ἦλθεν
1311 2068 1455 2142 ἔτος
1498 2063 1607 2129 καὶ
1654 2064 1993 2147 ἐπήλυθον
2039 2059 2233 2150 ὧραι,

358 2176 548 2237 μηνῶν
587 2165 941 2237 φθινόντων,
977 2167 1108 2239 περὶ
1145 2165 1202 2222 δ’
1234 2166 1421 2237 ἤματα
1457 2164 1616 2222 πόλλ’
1650 2163 1933 2236 ἐτελέσθη,
2069 2169 2167 2215 tm.
2219 2162 2511 2246 wag

357 2256 467 2323 καὶ
510 2260 653 2324 τότε
701 2259 784 2341 δή
831 2282 910 2341 με
957 2259 1068 2323 διὰ
1116 2259 1366 2347 δμῳάς,
1411 2259 1614 2335 κύνας
1659 2258 1783 2323 οὐκ
1828 2257 2219 2341 ἀλεγούσας,

253 2386 330 2426 155
357 2356 540 2429 εἶλον
585 2363 979 2441 ἐπελθόντες
1023 2362 1133 2430 καὶ
1179 2365 1555 2456 ὁμόκλησαν
1603 2362 1921 2428 ἐπέεσσιν.
2197 2341 2326 2409 0ωό

357 2469 446 2546 ὣς
490 2472 564 2534 τὸ
612 2466 734 2552 μὲν
772 2468 1166 2552 ἐξετέλεσσα,
1211 2467 1321 2534 καὶ
1359 2469 1483 2534 οὐκ
1524 2465 1856 2551 ἐθέλουσ’,
1900 2467 2010 2534 ὑπ’
2058 2468 2369 2552 ἀνάγκης·

356 2584 483 2640 νῦν
531 2571 591 2638 δ’
636 2572 773 2638 οὔτ’
821 2572 1168 2658 ἐκφυγέειν
1215 2574 1503 2657 δύναμαι
1540 2575 1753 2657 γάμον
1790 2572 1948 2638 οὔτέ
1985 2572 2111 2639 τιν’
2161 2575 2368 2657 ἄλλην

356 2690 551 2763 μῆτιν
597 2676 700 2742 ἔθ’
745 2678 1048 2762 εὑρίσκω.
1139 2678 1312 2759 μάλα
1361 2674 1420 2741 δ’
1468 2676 1825 2762 ὀτρύνουσι
1870 2686 2096 2761 τοκῆες

356 2778 673 2866 γήμασθ’,
719 2781 1014 2868 ἀσχαλάᾳ
1060 2778 1135 2845 δὲ
1179 2782 1333 2858 πάις
1375 2785 1603 2864 βίοτον
1647 2783 2092 2864 κατεδόντων,

252 2910 330 2950 160
358 2888 727 2971 γινώσκων·
773 2888 901 2971 ἤδη
948 2886 1073 2972 γὰρ
1122 2885 1206 2951 ἀν
1250 2911 1290 2972 ρ
1339 2879 1478 2962 οἶός
1521 2909 1592 2951 τε
1637 2888 1916 2970 μάλιστα
2125 2925 2254 3004 62⁴⁴)

356 2999 542 3059 οἴκου
588 2995 939 3078 κήδεσθαι,
982 2887 1257 3098 ff
1239 2994 1408 3067 Ζεὺς
1451 2992 1653 3068 κῦδος
1699 2992 1935 3070 ὀπάζει.

355 3097 522 3163 ἀλλὰ
567 3096 679 3163 καὶ
725 3093 812 3175 ὧς
857 3121 970 3181 μοι
1015 3094 1156 3162 εἰπὲ
1201 3100 1351 3163 τεὸν
1397 3095 1617 3180 γένος,
1665 3098 1962 3163 ὁππόθεν
2009 3096 2178 3162 ἐσσί·

356 3204 439 3269 οὐ
485 3203 612 3289 γὰρ
658 3202 787 3268 ἀπὸ
835 3204 1038 3288 δρυός
1083 3201 1227 3267 ἐσσι
1262 3203 1680 3287 παλαιφάτου
1719 3200 1863 3267 οὐδ’
1911 3201 2039 3266 ἀπὸ
2075 3201 2371 3285 πέτρης-,(6

446 3326 567 3409 τὴν
607 3319 667 3389 δ’
712 3326 1231 3409 ἀπαμειβόμενος
1266 3324 1566 3410 προσέφη
1605 3325 1965 3406 πολύμητις
1994 3320 2369 3400 Ὀδυσσεύς·

250 3451 327 3491 165
445 3424 541 3512 „ab
589 3430 785 3513 γύναι
830 3430 1048 3513 αἰδοίη
1096 3429 1515 3515 Λαερτιάδεω
1558 3425 1899 3509 Ὀδυσῆος,

357 3531 567 3600 οὐκέτ’
615 3532 958 3615 ἀπολήξεις
1001 3535 1117 3599 τὸν
1162 3533 1323 3617 ἐμὸν
1368 3536 1573 3616 γόνον
1620 3528 1990 3616 ἐξερέουσα;
