2650 3909
611 246 657 298 ψ
694 237 807 305 (23)
837 233 1141 299 Ὀδυσσέως
1179 237 1286 290 ὑπὸ
1322 235 1655 306 Πηνελόπης
1691 238 2126 309 ἀναγνωρισμός.
2250 239 2377 302 165

362 394 610 475 ἄνδρας
654 405 1029 478 μνηστῆρας
1072 399 1464 480 τεθνηότας,
1508 395 1614 481 ἠδ’
1659 398 1731 474 ὃς
1775 400 2121 483 ἔπεφνεν.“
2244 420 2250 425 ’

283 520 333 559 85
453 497 540 573 ὣς
583 497 844 582 φαμένη
890 498 1221 584 κατέβαιν’
1262 501 1581 588 ὑπερώια·
1626 505 1838 568 πολλὰ
1886 503 1965 568 δέ
2005 506 2074 570 οἱ
2113 514 2235 590 κῆρ

362 601 668 688 ὥρμαιν’,
713 603 754 687 ἢ
799 602 1137 670 ἀπάνευθε
1183 610 1384 690 φίλον
1428 610 1628 672 πόσιν
1675 606 2050 693 ἐξερεείνοι,

358 702 400 789 ἦ
448 716 790 792 παρστᾶσα
827 709 1049 774 κύσειε
1094 711 1260 795 κάρη
1306 709 1417 775 καὶ
1462 722 1637 797 χεῖρε
1684 716 1996 795 λαβοῦσα.

357 813 399 894 ἡ
449 809 509 876 δ’
556 811 696 877 ἐπεὶ
742 815 1055 897 εἰσῆλθεν
1100 812 1211 878 καὶ
1255 813 1510 901 ὑπέρβη
1556 816 1792 881 λάινον
1839 817 2077 902 οὐδόν,

360 914 516 994 ἕζετ’
560 917 753 982 ἔπειτ’
806 912 1121 1002 Ὀδυσῆος
1165 918 1500 1004 ἐναντίον,
1549 919 1621 985 ἐν
1665 924 1875 1008 πυρὸς
1918 922 2121 1008 αὐγῇ,

281 1046 333 1085 90
359 1027 586 1107 τοίχου
631 1033 752 1089 τοῦ
799 1021 1053 1107 ἑτέρου·
1100 1024 1137 1089 ὁ
1186 1022 1247 1089 δ’
1290 1026 1417 1111 ἄρα
1462 1029 1626 1112 πρὸς
1670 1031 1862 1093 κίονα
1908 1031 2164 1114 μακρὴν

358 1123 519 1211 ἧστο
565 1129 739 1193 κάτω
787 1129 1035 1214 ὁρόων,
1080 1128 1550 1214 ποτιδέγμενος
1592 1139 1662 1197 εἴ
1696 1137 1767 1198 τί
1805 1158 1921 1217 μιν
1966 1140 2139 1199 εἴποι

158 1292 170 1310 ,
362 1235 606 1316 ἰφθίμη
651 1234 1064 1318 παράκοιτις,
1113 1232 1252 1299 ἐπεὶ
1295 1236 1442 1300 ,ἴδεν
1489 1237 1961 1321 ὀφθαλμοῖσιν.

101 1310 327 1397 AM
358 1337 399 1420 ἡ
449 1331 512 1401 δ’
553 1338 727 1424 ἄνεω
775 1338 900 1420 δὴν
945 1332 1139 1421 ἧστο,
1183 1339 1390 1423 τάφος
1437 1338 1516 1404 δέ
1557 1342 1626 1406 οἱ
1664 1336 1824 1427 ἦτορ
1871 1344 2122 1408 ἵκανεν·

361 1444 512 1520 ὄψει
559 1416 652 1506 δ’ν
666 1443 899 1519 ἄλλοτε
946 1441 1068 1525 μέν
1114 1467 1231 1527 μιν
1278 1442 1659 1531 ἐνωπαδίως
1706 1430 2239 1561 έσίδεσκενμ
2272 1414 2372 1497 ³⁶³-
2436 1426 2617 1551 {³⁶¹-

281 1569 333 1610 95
360 1548 594 1612 άλλοτε
642 1544 701 1611 δ’
748 1545 1146 1634 ἀγνώσασκε
1179 1550 1347 1613 κακοὶ
1390 1552 1544 1635 χροῒ
1585 1547 1793 1635 εἵματ’
1838 1554 2090 1636 ἔχοντα.

369 1650 744 1737 Τηλέμαχος
791 1650 852 1717 δ’
897 1651 1194 1718 ἐνένιπεν
1241 1656 1396 1730 ἔπος
1439 1652 1495 1718 τ’
1540 1652 1720 1739 ἔφατ’
1765 1657 1838 1721 ἔκ
1882 1654 1941 1720 τ’
1988 1658 2288 1741 ὀνόμαζε·

449 1755 693 1843 ,,μῆτερ
741 1756 897 1841 ἐμή,
944 1758 1312 1843 δύσμητερ,
1353 1757 1604 1842 ἀπηνέα
1647 1763 1876 1844 θυμὸν
1920 1764 2192 1846 ἔχουσα,

357 1860 546 1947 τίφθ’
589 1863 763 1928 οὕτω
808 1865 1053 1948 πατρὸς
1097 1866 1467 1947 νοσφίζεαι,
1514 1861 1674 1929 οὐδὲ
1718 1861 1869 1951 παρ’
1918 1865 2121 1932 αὐτὸν

360 1966 628 2052 ἑζομένη
675 1969 995 2052 μύθοισιν
1042 1968 1333 2055 ἀνείρεαι
1381 1966 1540 2035 οὐδὲ
1585 1976 1933 2058 μεταλλᾷς;

245 2096 333 2165 '100
361 2073 443 2138 οὐ
488 2071 612 2158 μέν
656 2071 715 2136 κ’
761 2074 926 2155 ἄλλη
973 2069 1036 2155 γ’
1081 2067 1211 2138 ὧδε
1256 2075 1428 2157 γυνὴ
1473 2078 1768 2158 τετληότι
1810 2082 2008 2163 θυμῷ

358 2177 603 2264 ἀνδρὸς
647 2175 999 2259 ἀποσταίη,
1045 2177 1117 2253 ὅς
1164 2179 1236 2242 οἰ
1273 2179 1441 2243 κακὰ
1485 2181 1698 2243 πολλὰ
1743 2183 2034 2264 μογήσας

358 2284 550 2349 ἔλθοι
596 2281 901 2368 ἐεικοστῷ
949 2282 1083 2345 ἔτει·
1124 2280 1192 2356 ἐς
1234 2283 1518 2364 πατρίδα
1563 2293 1788 2365 γαῖαν·

359 2385 468 2453 σοὶ
514 2381 575 2451 δ’
620 2385 747 2451 αἰεὶ
792 2387 1028 2471 κραδίη
1076 2384 1477 2471 στερεωτέρη
1525 2384 1662 2451 ἐστὶ
1708 2388 1995 2453 λίθοιο.“

445 2495 563 2559 τὸν
610 2488 670 2557 δ’
716 2486 871 2556 αὖτε
916 2489 1263 2577 προσέειπε
1307 2494 1652 2577 περίφρων
1699 2496 2142 2576 Πηνελόπεια·
2261 2566 2273 2581 .

252 2621 329 2660 105
448 2597 724 2683 ,,τέκνον
770 2596 962 2681 ἐμόν,
1006 2600 1225 2681 θυμός
1268 2621 1384 2681 μοι
1430 2595 1531 2662 ἐνὶ
1576 2600 1894 2681 στήθεσσι
1938 2596 2256 2687 τέὲηπεν,
2274 2614 2323 2652 Μ
2356 2617 2501 2656 mo·
2516 2596 2595 2706 ἵε)

357 2703 522 2770 οὐδέ
560 2728 624 2769 τι
667 2703 1098 2790 προσφάσθαι
1145 2703 1434 2787 δύναμαι
1479 2704 1633 2780 ἔπος
1678 2701 1825 2769 οὐδ’
1868 2702 2172 2790 ἐρέεσθαι

357 2807 502 2875 οὐδ’
545 2812 639 2886 εἰς
684 2805 830 2874 ὦπα
876 2807 1142 2873 ἰδέσθαι
1190 2807 1515 2874 ἐναντίον.
1607 2811 1670 2874 εί
1712 2806 1771 2874 δ’
1820 2809 2004 2875 ἐτεὸν
2050 2811 2134 2894 δὴ

355 2913 487 2980 ἔστ’
533 2911 844 2990 Ὀδυσεὺς
887 2913 997 2979 καὶ
1043 2910 1229 2980 οἶκον
1278 2914 1599 2998 ἱκάνεται,
1643 2908 1686 2997 ἦ
1730 2916 1905 2999 μάλα
1950 2927 2073 2980 νῶι

356 3016 731 3103 γνωσόμεθ’
777 3018 1083 3102 ἀλλήλων
1128 3017 1239 3084 καὶ
1285 3020 1514 3084 λώιον·
1562 3021 1701 3084 ἔστι
1747 3020 1872 3106 γὰρ
1918 3019 2078 3102 ἥμιν

250 3148 328 3187 110
356 3122 634 3210 σήμαθ’,
680 3123 724 3188 ἃ
770 3125 853 3207 δὴ
898 3122 1009 3188 καὶ
1054 3136 1177 3188 νῶι
1221 3122 1638 3209 κεκρυμμένα
1687 3125 1876 3208 ἴδμεν
1923 3121 2033 3188 ἀπ’
2087 3127 2371 3190 ἅλλων.“

444 3230 533 3307 ὣς
576 3229 779 3314 φάτο,
824 3230 1133 3312 μείδησεν
1182 3225 1256 3293 δὲ
1300 3230 1628 3306 πολύτλας
1673 3230 1816 3305 δῖος
1856 3227 2238 3312 Ὀδυσσεύς,

356 3330 521 3413 αἶψα
567 3331 642 3400 δὲ
698 3331 1077 3418 Τηλέμαχον
1124 3335 1278 3398 ἔπεα
1322 3338 1680 3419 πτερόεντα
1723 3336 2094 3420 προσηύδα·

447 3437 852 3524 ,,Τηλέμαχ’,
896 3441 1042 3523 ἤτοι
1086 3436 1307 3524 μητέρ’
1358 3437 1459 3503 ένὶ
1503 3440 1890 3525 μεγάροισιν
1936 3441 2134 3506 ἔασον

355 3544 684 3630 πειράζειν
731 3543 997 3628 ἐμέθεν·
1048 3534 1210 3630 τάχα
1257 3540 1333 3608 δὲ
1377 3544 1697 3629 φράσεται
1741 3543 1852 3609 καὶ
1897 3547 2141 3630 ἄρειον.
