2650 3909
319 241 445 306 182
962 263 1004 297 ω
1043 245 1155 313 (24)
1190 241 1261 297 τὰ
1298 238 1362 297 ἐν
1397 240 1667 312 Λαέρτου.

316 402 398 466 οὐ
442 406 689 487 φυτόν,
735 403 817 469 οὐ
865 412 1064 487 συκῆ,
1111 403 1233 468 οὐκ
1278 405 1594 487 ἄμπελος,
1645 403 1726 469 οὐ
1772 399 1893 487 μὲν
1940 389 2122 486 ἐλαίη
2138 425 2170 485 ,·

316 506 439 573 οὐκ
485 509 722 593 ὄγχνη,
769 509 851 573 οὐ
896 510 1141 595 πρασιή
1188 532 1289 574 τοι
1336 509 1498 573 ἄνευ
1544 510 1818 591 κομιδῆς
1861 509 2024 573 κατὰ
2068 517 2512 630 κῇπον.γυ«ιω«
2539 493 2602 577 [Δ

318 612 480 677 ἄλλο
527 612 609 678 δέ
648 637 749 679 τοι
796 613 989 699 ἐρέω,
1035 617 1118 679 σὺ
1166 610 1240 678 δὲ
1286 615 1374 697 μὴ
1421 617 1622 698 χόλον
1667 616 1865 679 ἔνθεο
1908 619 2133 700 θυμῷ·

320 717 524 783 αὐτόν
571 715 632 784 σ’
674 718 796 784 οὐκ
842 718 1062 803 ἀγαθὴ
1110 720 1352 803 κομιδὴ
1400 722 1564 805 ἔχει,
1609 713 1753 785 ἀλλ’
1783 720 1930 803 ἅμα
1974 727 2178 803 γῆρας
2328 794 2343 811 ,
2615 781 2618 786 ⁴

214 853 293 892 25ο
320 824 569 906 λυγρὸν
615 826 782 908 ἔχεις
826 824 1095 913 αὐχμεῖς
1139 847 1207 889 τε
1253 836 1468 901 κακῶς
1512 823 1620 888 καὶ
1666 823 1887 889 ἀεικέα
1932 817 2544 890 &wammam

319 920 417 992 οὗ
446 924 568 1011 μὲν
613 928 878 1014 ἀεργίης
921 953 995 1012 γε
1041 928 1203 1006 ἄναξ
1252 927 1421 994 ἕνεκ’
1468 930 1548 994 οὔ
1596 945 1668 995 σε
1714 933 1991 1013 κομίζει,

320 1031 484 1098 οὐδέ
524 1037 593 1098 τί
630 1057 733 1099 τοι
780 1035 1091 1099 δούλειον
1136 1033 1477 1119 ἐπιπρέπει
1524 1036 1956 1119 εἰσοράασθαι

320 1133 496 1214 εἶδος
539 1136 647 1202 καὶ
693 1138 999 1223 μέγεθος·
1045 1144 1312 1224 βασιλῆι
1359 1141 1484 1226 γὰρ
1531 1138 1730 1223 ἀνδρὶ
1776 1143 2006 1216 ἔοικας.

319 1244 598 1332 τοιούτῳ
644 1240 719 1308 δὲ
764 1246 1011 1328 ἔοικας,
1060 1245 1198 1310 ἐπεὶ
1246 1246 1557 1311 λούσαιτο
1602 1246 1806 1329 φάγοι
1850 1268 1947 1328 τε,

217 1375 296 1415 255
321 1321 667 1445 ⁸&ng
698 1355 1040 1432 μαλακῶς·
1085 1350 1126 1432 ἡ
1174 1351 1299 1436 γὰρ
1348 1352 1498 1434 δίκη
1546 1348 1684 1415 ἐστὶ
1730 1353 2080 1435 γερόντων.

321 1452 464 1518 ἀλλ’
511 1456 638 1536 ἄγε
673 1479 787 1539 μοι
833 1457 983 1521 τόδε
1030 1452 1170 1520 εἰπὲ
1214 1454 1320 1520 καὶ
1371 1454 1689 1541 ἀτρεκέως
1732 1454 2111 1534 κατάλεξον·

322 1570 434 1625 τεῦ
482 1561 660 1644 δμώς
703 1563 799 1637 εἰς
844 1561 1140 1646 ἀνδρῶν;
1185 1572 1299 1626 τεῦ
1349 1560 1406 1625 δ’
1454 1563 1734 1646 ὄρχατον
1779 1560 2274 1645 ἀμφιπολεύεις;

322 1667 439 1729 καί
476 1689 591 1750 μοι
636 1664 814 1732 τοῦτ’
856 1666 1225 1752 ἀγόρευσον
1273 1665 1625 1751 ἐτήτυμον,
1672 1664 1824 1752 ὄφρ’
1869 1669 1944 1731 ἔυ
1991 1669 2176 1751 εἰδῶ,

322 1772 386 1834 εἰ
429 1769 612 1836 ἐτεόν
657 1768 720 1854 γ’
765 1769 1036 1855 Ἰθάκην
1081 1769 1266 1857 τῆνδ’
1316 1769 1603 1856 ἱκόμεθ’,
1650 1773 1740 1847 ὥς
1783 1795 1897 1855 μοι
1944 1774 2157 1837 ἔειπεν

217 1906 298 1945 250
324 1872 518 1952 οὗτος
562 1876 731 1962 ἀνὴρ
777 1888 906 1943 νῦν
955 1879 1036 1961 δὴ
1086 1876 1541 1961 ξυμβλήμενος
1585 1874 1815 1941 ἐνθάδ’
1862 1878 2062 1960 ἰόντι,

325 1983 406 2046 οὔ
452 2004 513 2046 τι
558 1980 710 2065 μάλ’
754 1981 1126 2067 ἀρτίφρων,
1172 1980 1311 2047 ἐπεὶ
1360 1982 1442 2048 οὐ
1486 1985 1809 2065 τόλμησεν
1858 1981 2094 2047 ἕκαστα

323 2088 533 2151 εἰπεῖν
578 2084 683 2169 ἠδ’
732 2085 1092 2152 ἐπακοῦσαι
1139 2086 1297 2170 ἐμὸν
1344 2090 1530 2171 ἔπος,
1575 2088 1663 2163 ὡς
1708 2085 1997 2172 ἐρέεινον

325 2191 493 2276 ἀμφὶ
540 2190 731 2281 ξείνω
779 2191 947 2281 ἐμῷ,
991 2195 1035 2278 ἤ
1081 2215 1211 2259 που
1262 2195 1405 2271 ζώει
1449 2216 1518 2257 τε
1564 2190 1674 2257 καὶ
1720 2196 1928 2276 ἔστιν,

324 2293 365 2380 ἦ
412 2299 540 2381 ἤδη
587 2296 865 2383 τέθνηκε
911 2297 1020 2364 καὶ
1066 2302 1168 2365 εἰν
1208 2296 1431 2365 Ἀίδαο
1469 2301 1803 2382 δόμοισιν.

221 2430 299 2470 265
328 2402 399 2468 ἐκ
443 2405 569 2489 γάρ
616 2427 718 2469 τοι
764 2402 960 2489 ἐρέω,
1007 2408 1090 2470 σὺ
1139 2401 1212 2469 δὲ
1260 2406 1511 2469 σύνθεο
1541 2402 1674 2468 ’καί
1713 2427 1836 2486 μευ
1882 2404 2195 2469 ἄκουσον·

328 2509 542 2595 ἄνδρά
586 2531 742 2576 ποτε
789 2509 1084 2587 ξείνισσα
1127 2513 1289 2595 φίλῃ
1339 2509 1411 2573 ἐν
1456 2510 1722 2594 πατρίδι
1766 2512 1920 2594 γαίῃ

326 2613 643 2700 ἡμέτερον
691 2610 753 2680 δ’
798 2614 1115 2697 ἐλθόντα,
1160 2612 1269 2678 καὶ
1316 2615 1398 2679 οὔ
1443 2616 1544 2679 πώ
1589 2637 1688 2689 τις
1732 2615 1969 2696 βροτὸς
2012 2615 2208 2688 ἄλλος

327 2719 565 2797 ξείνων
611 2720 999 2802 τηλεδαπῶν
1045 2721 1290 2802 φιλίων
1340 2717 1500 2801 ἐμὸν
1547 2719 1721 2782 ἵκετο
1769 2719 1979 2800 δῶμα·

210 2899 215 2906 ,
329 2824 557 2907 εὔχετο
605 2820 668 2886 δ’
711 2821 776 2900 ἐξ
818 2816 1078 2905 Ἰθάκης
1121 2820 1314 2905 γένος
1360 2826 1662 2906 ἔμμεναι,
1708 2821 1914 2906 αὐτὰρ
1962 2822 2201 2903 ἔφασκε

224 2955 303 2995 2το
329 2925 632 3013 Λαέρτην
673 2924 1128 3012 Ἀρκεισιάδην
1174 2922 1399 3012 πατέρ’
1443 2928 1715 3010 ἔμμεναι
1760 2925 1955 3013 αὐτῷ.

326 3036 445 3100 τὸν
491 3029 613 3117 μὲν
659 3032 788 3115 ἐγὼ
834 3034 1000 3118 πρὸς
1046 3030 1291 3116 δώματ’
1334 3034 1516 3114 ἄγων
1561 3034 1636 3096 ἔυ
1683 3030 2038 3114 ἐξείνισσα,

330 3140 655 3215 ἐνδυκέως
698 3137 982 3224 φιλέων,
1025 3143 1290 3204 πολλῶν
1337 3137 1499 3202 κατὰ
1544 3133 1731 3203 οἷκον
1778 3136 2053 3218 ἐόντων,

327 3249 445 3309 καί
483 3244 555 3311 οἱ
596 3245 777 3329 δῶρα
821 3247 1032 3329 πόρον
1080 3242 1362 3326 ξεινήια,
1401 3235 1516 3308 ,οἷα
1562 3239 1767 3329 ἐῴκει.

329 3359 583 3433 χρυσοῦ
628 3347 750 3432 μέν
797 3351 868 3415 οἱ
910 3346 1064 3413 δῶκ’
1113 3348 1415 3431 εὐεργέος
1460 3346 1619 3413 ἑπτὰ
1664 3348 1982 3429 τάλαντα,

225 3475 304 3516 275
333 3456 512 3518 δῶκα
559 3453 638 3517 δέ
680 3456 751 3518 οἱ
788 3464 1077 3538 κρητῆρα
1121 3455 1580 3539 πανάργυρον,
1626 3451 2067 3536 ἀνθεμόεντα,

317 3559 589 3622 ’δώδεκα
636 3555 696 3622 δ’
744 3558 1063 3635 ἁπλοΐδας
1106 3563 1405 3644 χλαίνας,
1450 3562 1729 3633 τόσσους
1775 3552 1849 3622 δὲ
1893 3557 2204 3641 τάπητας,
