2650 3909
402 226 490 289 62
916 247 957 280 π
992 229 1105 297 (16)
1142 227 1563 297 ἀναγνωρισμὸς
1591 224 1909 289 Ὀδυσσέως.

401 383 590 452 αὐτοὶ
638 383 698 453 δ’
744 389 840 465 εἰς
884 387 1137 473 ἀγορὴν
1180 390 1331 453 κίον
1379 386 1649 471 ἁθρόοι,
1697 385 1860 452 οὐδέ
1898 384 2021 452 τιν’
2069 388 2273 452 ἄλλον

399 499 557 557 εἴων
602 493 754 558 οὔτε
800 492 974 558 νέων
1018 485 1343 594 μετοᾷζειν
1390 493 1541 557 οὔτε
1590 494 1941 576 γερόντων.

399 608 612 662 τοῖσιν
659 594 722 662 δ’
767 594 1103 674 Ἀντίνοος
1148 596 1429 681 μετέφη,
1474 596 1846 673 Εὐπείθεος
1891 598 2060 672 υἱός·

490 703 587 786 ,,ὢ
632 706 865 786 πόποι,
922 703 1011 779 ὡς
1054 699 1237 767 τόνδ’
1285 703 1498 786 ἄνδρα
1543 700 1695 766 θεοὶ
1741 705 2096 785 κακότητος
2141 704 2402 767 ἔλυσαν.

38 791 257 920 ool-rm)
293 827 373 867 865
399 808 613 890 ἤματα
658 803 781 891 μὲν
827 805 1063 872 σκοποὶ
1111 798 1249 884 ἷζον
1297 804 1398 894 ἐπ’
1441 807 1673 892 ἄκριας
1716 804 2117 889 ἠνεμοέσσας

400 909 543 977 αἰὲν
590 911 1046 1001 ἐπασσύτεροι·
1097 913 1230 995 ἅμα
1277 908 1337 976 δ’
1383 911 1581 999 ἠελίῳ
1626 912 1983 977 καταδύντι
2005 912 2096 981 (ΑΛ
2227 895 2334 985 ἐς
2354 901 2647 993 Μωζμ

76 999 271 1073 Μδῖιό
401 1018 481 1082 οὔ
526 1013 668 1081 ποτ’
715 1012 813 1080 ἐπ’
858 1016 1134 1098 ἠπείρου
1179 1011 1364 1080 νύκτ’
1409 1016 1692 1111 ἄσαμεν,
1737 1010 1880 1080 ἀλλ’
1925 1012 2025 1079 ἐνὶ
2070 1037 2117 1080 π
2157 1039 2291 1104 ντφ

398 1118 512 1204 νηὶ
554 1127 687 1204 θοῇ
734 1123 1069 1197 πλείοντες
1115 1120 1474 1205 ἐμίμνομεν
1514 1117 1647 1186 Ἠῶ
1700 1122 1885 1203 δῖαν,

410 1224 791 1311 Τηλέμαχον
837 1228 1229 1310 λοχόωντες,
1274 1226 1387 1290 ἵνα
1433 1229 1786 1310 φθίσωμεν
1833 1223 2092 1303 ἑλόντες

294 1352 375 1391 370
401 1331 630 1396 αὐτόν·
676 1332 794 1396 τὸν
841 1328 901 1393 δ’
947 1331 1075 1414 ἄρα
1121 1328 1280 1406 τέως
1325 1327 1448 1413 μὲν
1494 1330 1832 1414 ἀπήγαγεν
1878 1332 2100 1397 οἴκαδε
2140 1333 2417 1415 δαίμων,

399 1435 585 1520 ἡμεῖς
631 1432 690 1501 δ’
738 1435 983 1502 ἐνθάδε
1032 1436 1103 1500 οἰ
1142 1436 1548 1519 φραζώμεθα
1596 1439 1846 1523 λυγρὸν
1892 1438 2178 1520 ὄλεθρον

409 1542 795 1630 Τηλεμάχῳ,
841 1539 995 1626 μηδ’
1036 1536 1204 1625 ἧμας
1246 1542 1648 1626 ὑπεκφύγοι·
1697 1542 1778 1608 οὐ
1824 1543 1950 1627 γὰρ
1999 1541 2116 1605 ὀίω

399 1648 639 1713 τούτου
685 1670 758 1729 γε
808 1649 1085 1725 ζώοντος
1129 1645 1542 1710 ἀνύσσεσθαι
1585 1647 1741 1711 τάδε
1789 1649 1965 1730 ἔργα.

400 1751 596 1828 αὐτὸς
639 1748 761 1834 μὲν
807 1753 933 1837 γὰρ
980 1750 1357 1832 ἐπιστήμων
1402 1754 1612 1835 βουλῇ
1657 1774 1726 1815 τε
1771 1754 1909 1837 νόω
1954 1773 2055 1832 τε,

288 1872 372 1916 '3⁷5
401 1854 549 1920 λαοὶ
595 1853 654 1919 δ’
703 1854 923 1920 οὐκέτι
966 1855 1237 1938 πάμπαν
1284 1849 1390 1936 ἐφ’
1433 1854 1594 1937 ἡμῖν
1639 1849 1768 1954 ἦρα
1815 1852 2156 1937 φέρουσιν.
2201 1837 2422 1947 {urm
2635 1883 2647 1938 χ

398 1958 542 2025 ἀλλ’
585 1961 805 2042 ἄγετε,
849 1956 1012 2043 πρὶν
1056 1968 1280 2023 κεῖνον
1327 1958 1864 2045 ὁμηγυρίσασθαι
1903 1956 2205 2043 Ἀχαιοὺς

401 2067 493 2141 εἰς
537 2063 816 2147 ἀγορήν·
864 2064 944 2128 οὐ
990 2064 1116 2149 γάρ
1163 2085 1225 2126 τι
1272 2061 1724 2147 μεθησέμεναί
1763 2088 1880 2147 μιν
1927 2062 2045 2129 ὀίω
2077 2112 2096 2147 ,

398 2166 542 2234 ἀλλ’
585 2167 1008 2251 ἀπομηνίσει,
1056 2164 1224 2253 ἐρέει
1270 2160 1332 2230 δ’
1376 2165 1449 2231 ἐν
1494 2176 1697 2233 πᾶσιν
1743 2167 2029 2246 ἀναστὰς

399 2274 640 2339 οὕνεκά
686 2273 757 2338 οἰ
797 2275 1013 2356 φόνον
1059 2273 1261 2337 αἰπὺν
1308 2270 1674 2358 ἐράπτομεν
1721 2270 1879 2340 οὐδὲ
1925 2278 2216 2360 κίχημεν.

293 2400 373 2441 380
400 2381 472 2446 οἰ
513 2376 571 2445 δ’
619 2378 740 2445 οὐκ
786 2380 1179 2461 αἰνήσουσιν
1225 2377 1583 2457 ἀκούοντες
1627 2380 1794 2445 κακὰ
1841 2382 2025 2466 ἔργα·

400 2487 487 2568 μή
534 2507 598 2549 τι
641 2486 847 2549 κακὸν
895 2482 1130 2569 ῥέξωσι
1176 2482 1286 2548 καὶ
1329 2483 1533 2567 ἡμέας
1579 2484 1930 2563 ἐξελάσωσι
2639 2531 2640 2556 1

51 2565 221 2702 ῥητῇ)
399 2592 590 2673 γαίης
632 2587 976 2686 ἡμετέρης,
1022 2590 1242 2653 ἄλλων
1289 2585 1354 2651 δ’
1400 2588 1794 2673 ἀφικώμεθα
1841 2591 2073 2673 δῆμον.
2187 2592 2196 2600 ”
2620 2637 2639 2688 7

398 2692 566 2757 ἀλλὰ
610 2691 926 2776 φθέωμεν
973 2689 1231 2767 ἑλόντες
1276 2688 1378 2755 ἐπ’
1419 2690 1631 2778 ἀγροῦ
1675 2696 1878 2776 νόσφι
1922 2696 2167 2776 πόληος
2637 2763 2638 2766 ¹

398 2796 439 2880 ἢ
487 2795 561 2862 ε’ν
607 2797 766 2881 ὁδῷ·
815 2799 1044 2878 βίοτον
1091 2791 1151 2859 δ’
1197 2793 1386 2860 αὐτοὶ
1431 2794 1542 2861 καὶ
1586 2793 1851 2880 κτήματ’
1899 2798 2183 2881 ἔχωμεν,

291 2924 370 2965 385
401 2901 804 2985 δασσάμενοι
847 2901 1010 2965 κατὰ
1056 2911 1299 2987 μοῖραν
1347 2898 1449 2985 ἐφ’
1494 2899 1723 2985 ἡμέας,
1771 2904 1945 2967 οἰκία
1992 2898 2053 2967 δ’
2098 2898 2252 2968 αὖτε

396 3009 622 3073 κείνου
669 3003 898 3090 μητέρι
944 3008 1175 3090 δοῖμεν
1221 3008 1397 3091 ἔχειν
1441 3004 1549 3089 ἠδ’
1597 3007 1668 3083 ὅς
1712 3030 1809 3084 τις
1854 3006 2094 3073 ὀπυίοι.

396 3115 461 3179 εί
503 3110 564 3177 δ’
608 3112 769 3196 ὕμιν
814 3111 928 3176 ὅδε
973 3118 1189 3195 μῦθος
1234 3109 1636 3196 ἀφανδάνει,
1682 3111 1847 3177 ἀλλὰ
1893 3116 2178 3196 βόλεσθε

397 3217 601 3283 αὐτόν
646 3240 716 3282 τε
763 3217 949 3296 ζώειν
992 3213 1102 3281 καὶ
1148 3218 1321 3300 ἔχειν
1368 3218 1662 3303 πατρώια
1705 3217 1950 3299 πάντα,

361 3324 487 3411 ξμή
532 3322 604 3388 οἱ
641 3319 913 3407 χρήματ’
958 3323 1178 3386 ἔπειτα
1223 3322 1369 3398 ἅλις
1411 3318 1695 3404 θυμηδέ’
1741 3322 1994 3404 ἔδωμεν

291 3450 372 3490 390
400 3423 631 3492 ἐνθάδ’
678 3425 1126 3513 ἀγειρόμενοι,
1172 3424 1313 3492 ἀλλ’
1361 3425 1432 3491 ἐκ
1476 3425 1789 3511 μεγάροιο
1836 3424 2105 3503 ἕκαστος

398 3532 678 3618 μνάσθω
726 3527 1053 3597 ἐέδνοισιν
1100 3533 1468 3614 διζήμενος·
1513 3530 1554 3612 ἡ
1604 3528 1684 3596 δέ
1722 3527 1781 3596 κ’
1829 3534 2048 3597 ἔπειτα
