2650 3909
765 246 799 284 σ
835 232 948 300 (18)
981 228 1286 293 Ὀδυσσέως
1320 229 1421 284 καὶ
1444 225 1595 301 Ἴρου
1630 230 1838 301 πυγμή.
2233 232 2317 297 87

302 390 491 479 χερσὶ
537 394 978 477 μαχήσασθαι.
1070 391 1235 456 ἀλλὰ
1280 389 1769 475 ξυνελάσσομεν
1814 386 2014 457 ὦκα.“

224 524 281 564 40
395 498 484 575 ὣς
528 494 765 581 ἔφαθ’,
810 497 881 562 οἰ
922 493 985 561 δ’
1032 496 1160 582 ἄρα
1204 496 1444 573 πάντες
1488 495 1763 580 ἀνήιξαν
1809 500 2199 581 γελόωντες,

306 601 476 688 ἀμφὶ
522 600 582 668 δ’
628 603 756 687 ἄρα
800 604 1103 687 πτωχοὺς
1145 605 1579 686 κακοείμονας
1621 600 2044 687 ἠγερέθοντο.

304 718 519 774 τοῖσιν
565 705 629 774 δ’
672 705 1008 783 Ἀντίνοος
1051 704 1328 791 μετέφη,
1374 706 1745 784 Εὐπείθεος
1788 707 1958 785 υἱός·

396 810 713 897 ,,κέκλυτέ
754 835 909 896 μευ,
954 819 1319 896 μνηστῆρες
1364 809 1717 897 ἀγήνορες,
1762 812 1940 898 ὄφρά
1982 837 2047 878 τι
2092 819 2272 878 εἴπω.

304 917 611 1004 γαστέρες
657 908 791 982 αἵδ’
834 919 1043 1002 αἰγῶν
1087 914 1261 983 κέατ’
1308 916 1384 982 έν
1426 920 1619 1002 πυρί,
1662 918 1777 994 τὰς
1822 916 1928 983 ἐπὶ
1975 920 2203 1006 δόρπῳ

222 1048 279 1089 45
305 1024 685 1107 κατθέμεθα
729 1025 959 1106 κνίσης
1001 1045 1072 1087 τε
1118 1020 1228 1088 καὶ
1273 1023 1547 1106 αἵματος
1592 1020 2056 1108 ἐμπλήσαντες.

307 1130 667 1214 ὁππότερος
710 1126 792 1194 δέ
829 1152 903 1193 κε
946 1130 1186 1213 νικήσῃ
1231 1131 1558 1214 κρείσσων
1601 1151 1671 1193 τε
1717 1127 2019 1213 γένηται,

305 1236 484 1300 τάων
527 1234 613 1317 ἥν
657 1228 718 1299 κ’
762 1231 1077 1318 ἐθέλῃσιν
1121 1231 1408 1309 ἀναστὰς
1453 1233 1650 1310 αὐτὸς
1695 1231 1976 1299 ἑλέσθω·

307 1338 437 1404 αἰεὶ
482 1337 542 1404 δ’
587 1333 765 1432 αὖθ’,
787 1339 947 1422 ἥμιν
994 1339 1483 1422 μεταδαίσεται,
1528 1337 1695 1404 οὐδέ
1733 1337 1858 1405 τιν’
1906 1340 2112 1405 ἄλλον

305 1447 569 1530 πτωχὸν
614 1447 741 1509 ἔσω
789 1447 1143 1529 μίσγεσθαι
1188 1442 1470 1528 ἐάσομεν
1515 1445 1932 1527 αίτήσοντα.“

225 1574 279 1615 50
397 1551 486 1628 ὣς
529 1546 719 1633 ἔφατ’
759 1547 1126 1633 Ἀντίνοος,
1171 1558 1387 1615 τοῖσιν
1434 1546 1494 1612 δ’
1540 1547 1894 1633 ἐπιήνδανε
1940 1555 2176 1633 μῦθος.

306 1667 445 1733 τοῖς
489 1651 564 1720 δὲ
610 1653 1078 1739 δολοφρονέων
1123 1653 1367 1739 μετέφη
1413 1655 1776 1738 πολύμητις
1812 1653 2191 1731 Ὀδυσσεύς·

398 1757 494 1845 ,,ὦ
539 1763 756 1845 φίλοι,
802 1761 884 1825 οὔ
929 1780 1068 1837 πως
1114 1759 1251 1825 ἐστι
1293 1757 1593 1848 νεωτέρῳ
1640 1758 1838 1845 ἀνδρὶ
1883 1760 2210 1847 μάχεσθαι

308 1868 520 1950 ἄνδρα
566 1863 876 1950 γέροντα,
923 1866 1052 1950 δύῃ
1097 1863 1454 1951 ἀρημένον·
1502 1863 1669 1930 ἀλλά
1713 1889 1793 1949 με
1838 1867 2086 1951 γαστὴρ

309 1972 572 2057 ὀτρύνει
616 1974 1004 2055 κακοεργός,
1049 1971 1161 2036 ἵνα
1203 1975 1492 2055 πληγῇσι
1538 1972 1803 2065 δαμείω.
1871 1959 2115 2059 Qum)

227 2100 280 2141 55
309 2074 449 2141 ἀλλ’
496 2076 614 2159 ἄγε
659 2085 788 2141 νῦν
833 2099 948 2160 μοι
992 2075 1233 2152 πάντες
1276 2076 1600 2160 ὀμόσσατε
1645 2079 1966 2162 καρτερὸν
2012 2077 2247 2164 ὅρκον,

308 2185 397 2266 μή
443 2205 540 2259 τις
585 2178 685 2246 ἐπ’
719 2179 878 2268 Ἴρῳ
923 2175 1052 2264 ἦρα
1095 2179 1323 2266 φέρων
1370 2177 1484 2264 ἐμὲ
1528 2179 1701 2267 χειρὶ
1743 2185 1979 2268 βαρείῃ

306 2286 518 2374 πλήξῃ
565 2285 1035 2369 ἀτασθάλλων,
1080 2286 1292 2374 τούτῳ
1340 2283 1421 2349 δέ
1461 2308 1541 2368 με
1590 2281 1692 2369 ἶφι
1739 2285 2104 2372 δαμάσσῃ.“

400 2392 488 2470 ὣς
532 2388 764 2476 ἔφαθ’,
811 2391 881 2457 οἰ
920 2387 983 2454 δ’
1027 2390 1155 2474 ἄρα
1197 2389 1438 2466 πάντες
1483 2389 1833 2473 ἐπώμνυον
1879 2390 1969 2465 ὡς
2005 2388 2328 2456 ἐκέλευεν.

311 2498 518 2583 αὐτὰρ
565 2496 712 2562 ἐπεί
751 2495 815 2583 ῥ’
856 2495 1109 2581 ὄμοσάν
1153 2518 1222 2560 τε
1266 2495 1665 2579 τελεύτησάν
1708 2518 1779 2560 τε
1823 2496 1941 2560 τὸν
1988 2494 2222 2580 ὅρκον,

230 2628 286 2668 eo
310 2616 450 2681 τοῖς
494 2597 679 2680 αὖτις
724 2598 1005 2687 μετέειφ’
1052 2601 1195 2689 ἱερὴ
1239 2602 1303 2679 ἲς
1357 2601 1786 2686 Τηλεμάχοιο·

403 2706 634 2793 ,,ξεῖν’,
680 2715 749 2773 εἴ
785 2706 845 2774 ⁶³
892 2708 1156 2792 ὀτρύνει
1200 2708 1439 2792 κραδίη
1485 2705 1595 2772 καὶ
1639 2708 1858 2792 θυμὸς
1902 2705 2170 2793 ἀγήνωρ

312 2824 552 2880 τοῦτον
599 2811 988 2897 ἀλέξασθαι,
1032 2824 1166 2879 τῶν
1213 2811 1273 2877 δ’
1320 2813 1542 2878 ἄλλων
1587 2815 1675 2896 μή
1720 2809 1847 2877 τιν’
1894 2809 2175 2899 Ἀχαιῶν

314 2916 589 3002 δείδιθ’,
635 2915 777 2982 ἐπεὶ
821 2922 1172 2984 πλεόνεσσι
1217 2920 1574 3003 μαχήσεται
1619 2916 1693 2993 ὃς
1733 2915 1815 2982 κέ
1855 2933 1928 2982 σε
1973 2922 2188 3003 θείνῃ.

313 3024 691 3102 ξεινοδόκος
734 3017 857 3106 μὲν
902 3021 1107 3106 ε’γών,
1153 3019 1260 3087 ἐπὶ
1307 3019 1368 3087 δ’
1415 3024 1705 3087 αἰνεῖτον
1750 3026 2054 3107 βασιλῆε,

234 3153 289 3194 65
308 3127 644 3205 Ἀντίνοός
686 3150 756 3193 τε
799 3125 911 3192 καὶ
955 3126 1381 3211 Εὐρύμαχος,
1424 3125 1819 3211 πεπνυμένω
1867 3126 2125 3212 άμφω.“

405 3235 493 3312 ὣς
519 3231 747 3320 ἔφαθ’,
782 3233 854 3298 οἰ
877 3231 937 3297 δ’
965 3234 1093 3317 ἄρα
1119 3232 1361 3309 πάντες
1386 3228 1687 3318 ἐπῄνεον.
1752 3232 1956 3317 αὐτὰρ
1980 3229 2334 3309 Ὀδυσσεὺς
2427 3297 2440 3309 ,

316 3342 560 3420 ζώσατο
606 3337 731 3425 μὲν
776 3339 1046 3425 ῥάκεσιν
1089 3335 1240 3422 περὶ
1284 3339 1527 3431 μήδεα,
1572 3347 1771 3423 φαῖνε
1819 3333 1893 3401 δὲ
1937 3340 2190 3422 μηροὺς
2319 3314 2538 3407 (ΝΜ

314 3447 558 3523 καλούς
598 3468 668 3510 τε
714 3445 1040 3529 μεγάλους
1082 3466 1183 3526 τε,
1228 3443 1442 3527 φάνεν
1486 3439 1567 3508 δέ
1607 3443 1678 3508 οἰ
1717 3439 1940 3528 εὐρέες
1985 3437 2153 3528 ὦμοι

317 3551 568 3635 στήθεά
611 3573 682 3615 τε
728 3553 1034 3636 στιβαροί
1071 3571 1142 3616 τε
1186 3551 1559 3634 βραχίονες·
1606 3548 1813 3636 αὐτὰρ
1854 3546 2100 3632 Ἀθήνη
