2650 3909
733 262 767 294 v
806 245 916 308 (20)
954 240 1025 294 τὰ
1060 240 1169 308 πρὸ
1207 249 1305 309 τῆς
1341 245 1844 311 μνηστηροφονίας,
2171 240 2295 303 131

278 399 387 466 καὶ
432 404 589 477 νόος
635 400 709 466 ἐν
755 404 1075 485 στήθεσσι
1120 400 1544 486 τετυγμένος,
1590 399 1791 468 οὐδὲν
1837 403 2074 486 ἀεικής.

278 518 415 583 τοῖς
461 505 664 590 ἔξειμι
708 507 988 591 θύραζε,
1034 504 1172 571 ἐπεὶ
1217 505 1388 571 νοέω
1433 509 1640 572 κακὸν
1683 508 1893 591 ὔμμιν

281 611 672 696 ἐρχόμενον,
717 615 791 676 τό
837 635 952 677 κεν
997 612 1078 677 οὔ
1124 636 1224 687 τις
1266 613 1640 696 ὑπεκφύγοι
1687 606 1832 677 οὐδ’
1880 609 2143 676 ἀλέαιτο

279 719 707 802 μνηστήρων,
755 720 825 782 οἳ
866 719 1053 801 δῶμα
1098 715 1238 781 κατ’
1284 716 1601 783 ἀντιθέου
1641 714 1957 800 Ὀδυσῆος

168 843 251 883 370
278 820 517 907 ἀνέρας
562 822 939 907 ὑβρίζοντες
984 812 1327 887 ἀτάσθαλα
1372 823 1863 908 μηχανάασθε.“

366 927 454 1003 ὣς
499 928 704 991 εἰπὼν
752 926 984 1011 ἐξῆλθε
1034 929 1260 1011 δόμων
1306 928 1862 1011 εὐναιεταόντων,

275 1034 449 1098 ἵκετο
497 1026 558 1097 δ’
603 1032 669 1108 ἐς
714 1037 1069 1116 Πείραιον,
1116 1033 1153 1097 ὅ
1199 1057 1315 1117 μιν
1362 1037 1684 1118 πρόφρων
1728 1032 2068 1099 ὑπέδεκτο.

276 1146 644 1223 μνηστῆρες
690 1136 749 1202 δ’
797 1140 924 1220 ἄρα
969 1139 1208 1214 πάντες
1253 1137 1319 1215 ἐς
1363 1137 1691 1222 ἀλλήλους
1737 1139 2065 1224 ὁρόωντες

286 1241 668 1327 Τηλέμαχον
715 1242 1046 1327 ἐρέθιζον,
1094 1241 1199 1307 ἐπὶ
1246 1242 1488 1321 ξείνοις
1530 1247 1908 1326 γελόωντες.

169 1370 249 1409 3⁷5
278 1342 406 1412 ὧδε
455 1344 535 1412 δέ
574 1370 673 1422 τις
717 1353 971 1412 εἴπεσκε
1016 1347 1189 1413 νέων
1233 1347 1845 1433 ὑπερηνορεόντων·
2375 1431 2389 1445 .

368 1450 774 1536 ,,Τηλέμαχ’,
820 1452 903 1516 οὔ
947 1475 1046 1528 τις
1092 1464 1232 1518 σεῖο
1278 1451 1826 1537 κακοξεινώτερος
1869 1442 2627 1541 &zmegma-..W

276 1548 424 1623 οἷον
469 1554 591 1641 μέν
637 1579 786 1621 τινα
832 1566 1070 1623 τοῦτον
1116 1559 1284 1641 ἔχεις
1329 1556 1689 1643 ἐπίμαστον
1736 1550 2214 1641 ἀλήτην,ὶυὶοκιὸ
2235 1575 2321 1633 NJ
2343 1582 2391 1641 ‘A
2416 1548 2639 1665 alnotus-cl

276 1665 464 1728 σίτου
509 1660 619 1728 καὶ
666 1669 859 1728 οἴνου
903 1660 1341 1747 κεχρημένον,
1386 1660 1552 1728 οὐδέ
1591 1687 1654 1727 τι
1701 1665 1915 1746 ἔργων

0 1848 16 1866 ‚„
39 1752 263 1833 &14sssp
277 1771 555 1867 ἔμπαιον
602 1764 762 1833 οὐδὲ
806 1771 985 1852 βίης,
1032 1766 1175 1833 ἀλλ’
1220 1768 1434 1844 αὕτως
1477 1770 1687 1853 ἄχθος
1732 1768 2050 1854 ἀρούρης·

170 1895 249 1935 380
276 1875 474 1950 ἄλλος
521 1870 582 1937 δ’
625 1868 787 1939 αὖτέ
826 1897 924 1950 τις
968 1870 1163 1950 οὗτος
1208 1873 1445 1957 ἀνέστη
1492 1876 1952 1958 μαντεύεσθαι.

275 1976 418 2044 ἀλλ’
470 1984 538 2044 εἴ
573 1984 692 2063 μοί
731 2004 793 2044 τι
837 1983 1098 2060 πίθοιο,
1145 1982 1219 2044 τό
1264 2003 1381 2044 κεν
1424 1983 1595 2045 πολὺ
1641 1977 1908 2065 κέρδιον
1953 1986 2080 2064 εἴη·

275 2087 431 2161 τοὺς
475 2082 732 2161 ξείνους
778 2083 853 2148 ἐν
895 2082 1009 2167 νηὶ
1052 2086 1448 2167 πολυκλήιδι
1492 2087 1808 2168 βαλόντες

278 2188 343 2265 ἐς
386 2192 712 2264 Σικελοὺς
755 2186 1148 2272 πέμψωμεν,
1193 2190 1360 2255 ὅθεν
1403 2188 1483 2254 κέ
1522 2214 1625 2256 τοι
1669 2188 1858 2267 ἄξιον
1901 2157 2387 2303 ἀλφοι.“(ουιή,ε
2422 2195 2571 2295 μω)

366 2293 454 2369 ὣς
500 2295 753 2376 ἔφασαν
798 2302 1191 2376 μνηστῆρες·
1238 2294 1275 2358 ὁ
1324 2292 1384 2357 δ’
1431 2293 1555 2358 οὐκ
1600 2293 1912 2377 ἐμπάζετο
1958 2297 2232 2380 μύθων,

169 2420 248 2461 385
276 2397 417 2462 ἀλλ’
465 2396 678 2491 ἀκέων
722 2396 968 2482 πατέρα
1011 2397 1519 2482 προσεδέρκετο,
1566 2396 1880 2482 δέγμενος
1924 2402 2087 2483 αἰεί,

276 2503 518 2570 ὁππότε
565 2503 649 2586 δὴ
696 2510 1105 2585 μνηστῆρσιν
1149 2499 1450 2567 ἀναιδέσι
1495 2514 1732 2588 χεῖρας,
1759 2502 2005 2599 ἐφήσει.
2466 2586 2475 2602 ⁵

361 2608 402 2692 ἡ
450 2605 526 2673 δὲ
569 2605 708 2673 κατ’
755 2609 1067 2691 &manv
1110 2606 1361 2692 θεμένη
1407 2607 1800 2693 περικαλλέα
1847 2611 2127 2696 δίφρον,
2159 2614 2584 2713 ww&

273 2716 480 2798 κούρη
521 2711 859 2799 Ἰκαρίοιο,
902 2715 1244 2798 περίφρων
1290 2716 1739 2796 Πηνελόπεια,

275 2818 541 2904 ἀνδρῶν
587 2817 660 2884 έν
705 2818 1093 2903 μεγάροισιν
1141 2816 1416 2884 ἑκάστου
1464 2825 1689 2902 μῦθον
1733 2820 1951 2887 ἄκουε.

168 2946 247 2986 390
275 2925 547 2989 δεῖπνον
592 2919 713 3007 μὲν
759 2925 884 3009 γὰρ
932 2927 1041 2988 τοί
1079 2947 1153 3007 γε
1199 2925 1557 3006 γελώοντες
1600 2926 1948 2991 τετύκοντο

271 3030 402 3112 ἡδύ
445 3052 516 3094 τε
561 3026 674 3094 καὶ
718 3027 1080 3112 μενοεικές,
1127 3026 1266 3094 ἐπεὶ
1312 3030 1487 3113 μάλα
1529 3025 1717 3094 πόλλ’
1767 3028 2095 3116 ἱέρευσαν·

274 3136 527 3219 δόρπου
575 3131 636 3199 δ’
681 3134 804 3200 οὐκ
848 3134 933 3199 ἄν
977 3155 1117 3210 πως
1161 3133 1594 3218 ἀχαρίστερον
1639 3135 1803 3200 ἄλλο
1849 3133 2138 3221 γένοιτο,

273 3231 419 3305 οἷον
464 3242 548 3324 δὴ
569 3305 573 3308 ⁴
593 3237 734 3324 τάχ’
781 3242 1007 3324 ἔμελλε
1053 3241 1181 3304 θεὰ
1226 3238 1337 3305 καὶ
1380 3242 1693 3326 καρτερὸς
1738 3241 1906 3326 ἀνὴρ

269 3342 659 3429 θησέμεναι·
705 3347 1014 3431 πρότεροι
1059 3346 1184 3429 γὰρ
1232 3343 1453 3410 ἀεικέα
1499 3328 2148 3463 μηχανόωνταψνῐή.
2169 3374 2201 3405 τ-
2273 3326 2566 3475 ψωᾷῦω)

1791 3663 1864 3716 9*
