2650 3909
352 249 441 313 46
919 270 950 305 ο
987 253 1098 320 (15)
1143 248 1470 319 Τηλεμάχου
1508 245 1801 312 ἐπάνοδος.

350 408 754 497 θηλυτέρῃσι
801 409 1095 494 γυναιξί,
1140 409 1250 476 καὶ
1294 411 1337 494 ἥ
1384 407 1442 475 κ’
1487 410 1756 493 εὐεργὸς
1800 412 2003 495 ἔῃσιν.

351 516 589 600 εἰρώτα
635 516 717 600 δὴ
765 518 1016 600 ἔπειτα,
1061 519 1158 591 τίς
1204 522 1303 599 εἴη
1352 513 1461 580 καὶ
1505 518 1720 580 πόθεν
1766 517 1979 580 ἔλθοι·

349 619 390 703 ἡ
439 617 516 685 δὲ
559 619 711 705 μάλ’
759 621 992 687 αὐτίκα
1038 624 1301 709 πατρὸς,
1327 620 1698 706 ἐπέφραδεν
1742 616 2065 706 ὑψερεφὲς
2111 621 2236 684 δῶ·

242 748 321 788 425
351 723 447 789 ’ἐκ
492 722 614 809 μὲν
660 728 966 803 Σιδῶνος
1009 727 1431 812 πολυχάλκου
1477 726 1750 810 εὔχομαι
1796 721 1995 808 εἶναι,

346 831 552 915 κούρη
606 828 666 895 δ’
712 830 841 916 εἴμ’
886 830 1287 918 Ἀρύβαντος
1334 830 1461 915 ἐγὼ
1510 831 1723 916 ῥυδὸν
1767 830 2099 914 ἀφνειοῖο·
2164 814 2434 935 ‹ll-4⁸⁶]

347 934 515 1000 ἀλλά
559 934 623 1019 μ’
671 935 1059 1021 ἀνήρπαξαν
1115 938 1353 1021 Τάφιοι
1400 941 1742 1021 ληίστορες
1784 937 2022 1021 ἄνδρες
2349 934 2355 940 ’

348 1038 639 1126 ἀγρόθεν
687 1040 1077 1127 ἐρχομένην,
1122 1041 1425 1128 πέρασαν
1476 1041 1558 1106 δέ
1596 1065 1674 1127 με
1723 1037 1903 1124 δεῦρ’
1950 1039 2303 1124 ἀγαγόντες

348 1143 534 1210 τοῦδ’
579 1144 824 1232 ἀνδρὸς
866 1140 1030 1232 πρὸς
1076 1145 1367 1232 δώμαθ’·
1415 1148 1452 1213 ὁ
1501 1144 1562 1213 δ’
1608 1147 1795 1225 ἄξιον
1841 1142 2019 1211 ὦνον
2066 1144 2308 1210 ἔδωκε.’

239 1274 323 1314 430
347 1251 471 1333 τὴν
518 1247 577 1314 δ’
623 1246 778 1316 αὖτε
814 1250 1221 1338 προσέειπεν
1267 1252 1477 1339 ἀνήρ,
1523 1253 1596 1330 ὃς
1641 1252 1939 1337 ἐμίσγετο
1987 1252 2229 1336 λάθρῃ·

349 1352 413 1440 τἦ
461 1354 546 1441 ῥά
589 1379 662 1421 κε
707 1367 835 1423 νῦν
879 1358 1088 1423 πάλιν
1135 1354 1319 1434 αὖτις
1364 1356 1475 1442 ἅμ’
1518 1359 1678 1443 ἡμῖν
1723 1354 1934 1423 οἴκαδ’
1977 1356 2191 1440 ἕποιο,

349 1464 523 1546 ὄφρα
570 1462 680 1546 ἴδῃ
725 1465 973 1548 πατρὸς
1018 1462 1131 1528 καὶ
1178 1461 1457 1549 μητέρος
1500 1459 1826 1549 ὑψερεφὲς
1871 1464 1967 1527 δῶ
2068 1456 2075 1463 ’

349 1567 593 1644 αὐτούς
636 1564 730 1646 τ’;
777 1563 819 1651 ἦ
868 1569 1005 1653 γὰρ
1043 1565 1131 1633 ἔτ’
1179 1567 1307 1634 εἰσὶ
1353 1567 1463 1634 καὶ
1508 1566 1772 1653 ἀφνειοὶ
1816 1566 2203 1633 καλέονταιῖ

347 1675 464 1738 τὸν
511 1668 572 1737 δ’
616 1668 770 1738 αὖτε
816 1671 1170 1759 προσέειπε
1216 1675 1388 1757 γυνὴ
1434 1672 1544 1738 καὶ
1589 1672 1890 1756 ἀμείβετο
1936 1674 2159 1757 μύθῳ·

241 1803 321 1841 435
350 1776 471 1861 ἐἴη
518 1801 633 1843 κεν
676 1776 788 1842 καὶ
837 1776 1045 1861 τοῦτ’,
1091 1785 1160 1843 εἴ
1195 1802 1307 1862 μοι
1355 1776 1654 1843 ἐθέλοιτέ
1694 1800 1800 1861 γε,
1845 1785 2110 1858 ναῦται,

349 1883 522 1970 ὅρκῳ
566 1889 986 1965 πιστωθῆναι
1031 1883 1340 1967 ἀπήμονά
1386 1879 1453 1966 μ’
1499 1879 1707 1947 οἴκαδ’
1754 1878 2067 1958 ἀπάξειν.’

349 1986 437 2062 ὣς
481 1984 710 2070 ἔφαθ’,
755 1988 825 2052 οἰ
872 1986 933 2052 δ’
978 1990 1107 2075 ἄρα
1150 1989 1392 2063 πάντες
1438 1986 1787 2071 ἐπώμνυον
1834 1987 1922 2061 ὡς
1967 1983 2282 2050 ἐκέλευεν.

349 2092 554 2178 αὐτὰρ
602 2091 748 2156 ε’πεί
787 2091 848 2177 ῤ’
894 2093 1150 2177 ὄμοσάν
1195 2115 1264 2158 τε
1311 2092 1708 2175 τελεύτησάν
1752 2115 1819 2157 τε
1866 2093 1983 2156 τὸν
2031 2090 2263 2176 ὅρκον,
2296 2105 2321 2114 ‘

347 2207 483 2272 τοῖς
528 2193 588 2261 δ’
633 2193 823 2275 αὖτις
866 2196 1155 2281 μετέειπε
1204 2199 1375 2281 γυνὴ
1423 2195 1533 2262 καὶ
1577 2197 1881 2283 ἀμείβετο
1929 2197 2151 2283 μύθῳ·

240 2328 322 2367 440
349 2301 524 2387 εσιγῇ
569 2311 722 2369 νῦν·
771 2305 859 2387 μή
909 2305 1008 2380 τίς
1054 2325 1133 2387 με
1180 2302 1619 2389 προσαυδάτω
1666 2301 1964 2368 ἐπέεσσιν

346 2406 683 2493 ὑμετέρων
731 2405 1015 2495 ἑτάρων,
1065 2408 1524 2494 ξυμβλήμενος
1569 2407 1610 2491 ἢ
1657 2407 1730 2473 ἐν
1777 2408 1976 2536 ἀγυιῇ

344 2514 387 2595 ἥ
432 2532 561 2577 που
609 2510 715 2577 ἐπὶ
759 2514 997 2599 κρήνη·
1055 2516 1143 2597 μη
1188 2537 1287 2590 τις
1332 2513 1483 2579 ποτὶ
1530 2514 1716 2596 δῶμα
1764 2512 2025 2598 γέροντι
2633 2588 2634 2605 ÷

348 2616 568 2682 ἐλθὼν
617 2616 867 2702 ἐξείπῃ,
915 2619 951 2683 ὁ
1003 2615 1062 2682 δ’
1111 2618 1460 2700 ὀισάμενος
1502 2617 1838 2700 καταδήσῃ

348 2722 566 2806 δεσμῷ
612 2718 685 2783 ἐν
720 2719 1069 2808 ἀργαλέῳ,
1114 2720 1276 2803 ὑμῖν
1323 2717 1383 2784 δ’
1430 2715 1850 2803 ἐπιφράσσετ’
1896 2720 2199 2803 ὄλεθρον.
2232 2654 2568 2815 *WB

240 2850 320 2890 445
345 2822 490 2890 ἀλλ’
542 2819 703 2921 ἔχετ’
760 2822 832 2888 ἐν
877 2821 1074 2909 φρεσὶ
1127 2829 1389 2909 μῦθον,
1435 2821 1719 2904 ἐπείγετε
1767 2817 1828 2886 δ’
1877 2816 2054 2887 ὦνον
2100 2822 2347 2888 ὁδαίων
2350 2776 2584 2921 km‘uw

346 2926 486 2997 ἀλλ’
535 2929 641 2995 ὅτε
687 2952 803 2993 κεν
855 2929 938 3012 δὴ
989 2938 1154 3011 νηῦς
1197 2930 1390 3011 πλείη
1438 2930 1689 3013 βιότοιο
1738 2927 2036 3011 γένηται,

347 3035 615 3120 ἀγγελίη
662 3058 775 3119 μοι
820 3037 1040 3099 ἔπειτα
1084 3040 1266 3109 θοῶς
1316 3032 1385 3110 ἐς
1431 3029 1690 3117 δώμαθ’
1740 3032 2010 3098 ἱκέσθω·

346 3148 508 3207 οἴσω
553 3141 679 3226 γὰρ
724 3139 836 3205 καὶ
879 3142 1165 3226 χρυσόν,
1215 3138 1353 3216 ὅτις
1397 3136 1462 3224 χ’
1510 3139 1885 3226 ὑποχείριος
1929 3141 2122 3224 ἔλθῃ·

346 3243 455 3310 καὶ
502 3243 582 3309 δέ
619 3268 736 3310 κεν
781 3242 926 3311 ἄλλ’
973 3245 1343 3331 ἐπίβαθρον
1391 3245 1567 3328 ἐγὼν
1615 3244 1940 3311 ἐθέλουσά
1976 3267 2050 3326 γε
2101 3247 2314 3328 δοίην.

239 3375 321 3414 450
347 3351 551 3415 παῖδα
597 3351 722 3434 γὰρ
770 3350 1015 3437 ἀνδρὸς
1062 3349 1212 3434 ἑῆος
1263 3349 1366 3416 ἐνὶ
1413 3350 1720 3434 μεγάροις
1765 3348 2119 3434 ἀτιτάλλω,
2333 3414 2346 3435 ,

347 3448 704 3540 κερδαλέον
752 3456 835 3539 δὴ
881 3467 1106 3540 τοῖον,
1151 3457 1283 3542 ἅμα
1332 3459 1706 3583 τροχόωντα
1749 3457 2314 3542 θύραζεἹὶΜκΛΜ
2268 3489 2444 3603 m

346 3563 464 3626 τόν
509 3581 626 3624 κεν
672 3559 891 3645 ἄγοιμ’
942 3559 1053 3626 ἐπὶ
1099 3564 1291 3645 νηός,
1338 3561 1375 3626 ὁ
1427 3562 1468 3625 δ
1471 3534 1693 3645 ὕμιν
1738 3566 1979 3647 μυρίον
2027 3558 2204 3629 ὦνον
2461 3549 2504 3646 ἶ
