2650 3909
342 248 471 311 142
1038 266 1082 316 φ
1117 247 1231 315 (21)
1268 243 1433 310 τόξου
1469 241 1645 305 θέσις.

234 431 313 470 3ιο
340 407 497 474 πῖνέ
536 431 638 490 τε,
684 403 835 490 μηδ’
883 405 1170 492 ἐρίδαινε
1219 402 1355 489 μετ’
1398 404 1682 490 ἀνδράσι
1726 400 2239 489 κουρ-ρτέροισιὲ(
2451 422 2578 510 Ψ

429 516 547 580 τὸν
593 511 654 579 δ’
699 507 855 578 αὖτε
900 510 1247 595 προσέειπε
1294 512 1639 596 περίφρων
1685 510 2132 592 Πηνελόπεια·
2249 428 2446 557 w
2645 519 2646 524 ’

429 615 780 702 ,,Ἀντίνο’,
826 616 908 682 οὐ
954 613 1077 700 μὲν
1120 617 1326 682 καλὸν
1373 614 1680 699 ἀτέμβειν
1725 609 1884 680 οὐδὲ
1931 614 2191 678 δίκαιον

342 721 600 801 ξείνους
653 722 1066 807 Τηλεμάχου,
1112 721 1186 797 ὅς
1229 742 1346 786 κεν
1391 720 1545 785 τάδε
1593 715 1852 803 δώμαθ’
1898 719 2130 801 ἵκηται.

342 830 598 909 ἔλπεαι,
644 833 721 891 αῖ
755 822 815 912 χ’
861 826 898 892 ὁ
947 825 1157 903 ξεῖνος
1195 822 1551 907 Ὀδυσσῆος
1595 823 1759 907 με’γα
1805 822 1997 900 τόξον

236 955 315 997 315
344 930 668 1017 ἐντανύσῃ
714 933 941 1017 χερσίν
985 953 1053 995 τε
1099 932 1298 1013 βίηφί
1337 952 1405 993 τε
1450 923 1572 1012 ἧφι
1617 928 1936 1011 πιθήσας,

344 1034 576 1101 οἴκαδέ
615 1033 684 1119 μ’
726 1034 1003 1112 ἄξεσθαι
1046 1032 1157 1098 καὶ
1204 1032 1321 1117 ἑὴν
1367 1035 1702 1115 θήσεσθαι
1748 1032 2029 1108 άκοιτινς

344 1139 489 1206 οὐδ’
533 1141 731 1217 αὐτός
773 1161 904 1205 που
948 1141 1143 1205 τοῦτό
1189 1136 1249 1221 γ’
1297 1137 1399 1203 ἐνὶ
1445 1140 1803 1221 στήθεσσιν
1849 1139 2067 1202 ἔολπε·

344 1244 517 1330 μηδέ
556 1270 654 1323 τις
696 1246 947 1328 ὑμείων
993 1252 1115 1309 τοῦ
1158 1240 1218 1327 γ’
1266 1244 1486 1309 εἵνεκα
1531 1245 1756 1325 θυμὸν
1802 1241 2059 1328 ἀχεύων

346 1349 590 1416 ἐνθάδε
637 1351 981 1416 δαινύσθω
997 1398 1017 1430 ,
1063 1347 1202 1413 ἐπεὶ
1248 1345 1409 1413 οὐδὲ
1453 1344 1575 1432 μὲν
1622 1343 1781 1412 οὐδὲ
1827 1347 2058 1413 ἔοικε.“

178 1526 184 1531 ,
240 1481 319 1519 330
433 1457 555 1539 τὴν
591 1449 650 1520 δ’
695 1449 839 1520 αὖτ’
875 1453 1292 1539 Εὐρύμαχος,
1328 1454 1650 1537 Πολύβου
1686 1463 1860 1535 παῖς,
1895 1451 2125 1517 ἀντίον
2158 1454 2353 1535 ηὔδα·

437 1561 687 1647 ,,κούρη
725 1556 1064 1644 Ἰκαρίοιο,
1106 1561 1436 1643 περίφρον
1480 1560 1923 1641 Πηνελόπεια,

346 1666 429 1730 οὔ
474 1668 544 1730 τί
583 1681 657 1730 σε
701 1663 880 1731 τόνδ’
928 1664 1201 1744 ἄξεσθαι
1249 1658 1532 1747 ὀιόμεθ’·
1582 1659 1739 1729 οὐδὲ
1785 1665 2023 1729 ἔοικεν·

348 1766 490 1835 ἀλλ’
535 1772 1002 1855 αἰσχυνόμενοι
1046 1769 1247 1853 φάτιν
1284 1764 1727 1855 -ἀνδρῶνῆδὲ
1771 1778 2139 1851 γυναικῶν,

348 1876 436 1959 μή
482 1872 646 1938 ποτέ
684 1899 782 1951 τις
825 1880 1045 1959 εἴπῃσι
1089 1874 1457 1956 κακώτερος
1506 1874 1702 1948 ἄλλος
1741 1869 2043 1956 Ἀχαιῶν·

242 2003 321 2044 335
348 1974 412 2062 ’ἦ
459 1981 629 2044 πολὺ
675 1982 970 2063 χείρονες
1013 1978 1251 2060 ἄνδρες
1294 1976 1636 2061 ἀμύμονος
1681 1976 1927 2060 ἀνδρὸς
1972 1978 2224 2054 ἄκοιτιν

348 2094 673 2167 μνῶνται,
719 2079 883 2148 οὐδέ
922 2104 986 2146 τι
1030 2080 1223 2160 τόξον
1269 2080 1503 2159 ἐύξοον
1551 2080 2012 2147 ἐντανύουσιν·

348 2185 493 2254 ἀλλ’
538 2189 734 2263 ἄλλός
777 2211 875 2264 τις
917 2189 1171 2272 πτωχὸς
1216 2186 1386 2273 ἀνὴρ
1433 2186 1842 2270 ἀλαλήμενος
1888 2185 2106 2253 ἐλθὼν

349 2295 624 2382 ῥηιδίως
667 2292 981 2359 ἐτάνυσσε
1026 2295 1211 2377 βιόν,
1258 2292 1371 2356 διὰ
1417 2288 1480 2356 δ’
1534 2286 1650 2375 ἧκε
1696 2292 2017 2375 σιδήρου.’

349 2401 438 2477 ὣς
483 2393 767 2484 ἐρέουσ’,
810 2398 970 2482 ἡμῖν
1006 2393 1068 2463 δ’
1111 2397 1196 2464 ἂν
1242 2396 1508 2482 ἐλέγχεα
1552 2407 1756 2463 ταῦτα
1802 2395 2123 2479 γένοιτο.“

242 2531 322 2570 330
435 2508 554 2571 τὸν
602 2503 662 2569 δ’
707 2498 862 2569 αὖτε
907 2500 1252 2588 προσέειπε
1296 2506 1640 2587 περίφρων
1686 2505 2129 2585 Πηνελόπεια·

439 2606 855 2695 ,,Εὖρύμαχ’,
900 2609 982 2673 οὔ
1025 2628 1164 2683 πως
1207 2605 1387 2671 ἐστιν
1434 2606 1728 2701 ἐυκλεῖας
1773 2607 1936 2671 κατὰ
1983 2608 2194 2690 δῆμον

349 2720 623 2801 ἔμμεναι
669 2717 740 2779 οἳ
780 2711 863 2794 δὴ
911 2706 1097 2777 οἶκον
1142 2710 1560 2793 ἀτιμάζοντες
1605 2711 1872 2775 ἔδουσιν

348 2819 594 2903 ἀνδρὸς
638 2815 970 2902 ἀριστῆος·
1017 2819 1086 2880 τί
1126 2812 1185 2879 δ’
1234 2813 1501 2899 ἐλέγχεα
1544 2824 1749 2880 ταῦτα
1794 2819 2098 2895 τίθεσθε;

351 2921 544 3002 οὗτος
589 2918 663 2988 δὲ
709 2921 919 3001 ξεῖνος
961 2920 1133 3004 μάλα
1178 2916 1301 3003 μὲν
1348 2917 1548 3003 με’γας
1591 2917 1699 3003 ἠδ’
1743 2920 2061 3005 εὐπηγής,

243 3054 322 3095 335
347 3032 592 3116 πατρὸς
636 3026 698 3094 δ’
744 3025 811 3105 ἐξ
857 3025 1120 3110 ἀγαθοῦ
1164 3024 1359 3109 γένος
1404 3025 1661 3110 εὔχεται
1707 3025 1979 3109 ἔμμεναι
2023 3028 2185 3104 υίός.

349 3132 494 3202 ἀλλ’
540 3137 657 3218 ἄγε
703 3133 775 3199 οἰ
814 3134 964 3210 δότε
1009 3131 1203 3209 τόξον
1252 3128 1519 3213 ἐύξοον,
1564 3133 1738 3215 ὄφρα
1785 3132 2047 3214 ἴδωμεν.

350 3237 479 3307 ὦδε
525 3241 651 3325 γὰρ
699 3237 963 3326 ἐξερέω,
1005 3240 1081 3304 τὸ
1129 3233 1204 3302 δὲ
1248 3235 1361 3302 καὶ
1406 3234 1866 3320 τετελεσμένον
1911 3238 2116 3301 ἔσται·

351 3352 419 3411 εἴ
453 3345 532 3411 κέ
572 3369 689 3429 μιν
735 3344 1092 3428 ἐντανύσῃ,
1138 3344 1278 3429 δώῃ
1324 3340 1407 3407 δέ
1446 3342 1517 3407 οἱ
1555 3336 1749 3426 εὖχος
1784 3337 2152 3424 Ἀπόλλων,

350 3449 522 3515 ἕσσω
567 3474 682 3533 μιν
727 3449 1004 3535 χλαῖνάν
1049 3471 1119 3514 τε
1164 3448 1412 3534 χιτῶνά
1455 3469 1558 3530 τε,
1601 3447 1832 3530 εἵματα
1874 3446 2072 3530 καλά,

244 3576 325 3617 340
352 3556 546 3620 δώσω
574 3553 652 3625 ,δ’
697 3553 857 3633 ὀξὺν
901 3556 1177 3637 ἄκοντα,
1220 3564 1445 3618 κυνῶν
1491 3550 1779 3637 ἀλκτῆρα
1821 3549 1933 3615 καὶ
1977 3550 2275 3638 ἀνδρῶν,
