2650 3909
434 264 564 329 174
1076 285 1120 318 ω
1159 267 1272 335 (24)
1311 262 1548 335 δευτέρα
1583 262 1800 320 νέκυια.

429 427 560 509 ἤδη
607 422 728 509 μὲν
772 425 941 510 φάος
983 420 1102 509 ἦεν
1150 424 1256 490 ἐπὶ
1300 428 1547 510 χθόνα,
1591 428 1747 502 τοὺς
1792 422 1853 490 δ’
1895 423 2001 511 ἄρ’
2050 423 2295 510 Ἀθήνη

430 529 622 596 νυκτὶ
666 533 1135 616 κατακρύψασα
1178 537 1361 606 θοῶς
1406 530 1593 614 ἐξῆγε
1638 534 1899 615 πόληος.

1076 828 1659 904 ΟΔΤΣΣΕΙΑΣ
1712 830 1810 902 Ω.

512 953 751 1041 Ἑρμῆς
795 951 871 1020 δὲ
914 956 1128 1039 ψυχὰς
1173 958 1550 1039 Κυλλήνιος
1595 954 1952 1034 ἐξεκαλεῖτο

401 1049 698 1145 ἀνδρῶν
742 1062 1162 1145 μνηστήρων·
1208 1063 1313 1145 ἔχε
1363 1056 1436 1125 δὲ
1482 1062 1734 1147 ῥάβδον
1779 1063 1939 1146 μετὰ
1984 1061 2167 1159 χερσὶ

432 1167 675 1248 καλήν,
719 1170 1069 1251 χρυσείην,
1113 1174 1190 1251 τῇ
1235 1162 1292 1231 τ’
1338 1166 1606 1252 ἀνδρῶν
1652 1168 1907 1252 ὄμματα
1952 1166 2209 1250 θέλγει,
2245 1235 2257 1241 ,

434 1263 529 1334 ὧν
575 1268 826 1354 ἐθέλει,
870 1274 1028 1348 τοὺς
1074 1267 1133 1335 δ’
1180 1265 1337 1336 αὖτε
1381 1270 1493 1336 καὶ
1537 1272 1924 1349 ὑπνώοντας
1969 1272 2229 1357 ἐγείρει·

380 1395 405 1434 5
432 1382 509 1459 τῇ
557 1370 620 1459 ῤ’
666 1375 783 1457 ἄγε
828 1378 1127 1459 κινήσας,
1172 1374 1279 1441 ταὶ
1326 1373 1402 1441 δὲ
1446 1380 1780 1463 τρίζουσαι
1825 1377 2079 1444 ἕποντο.

436 1480 524 1556 ὡς
568 1475 629 1543 δ’
674 1479 781 1545 ὅτε
825 1482 1206 1568 νυκτερίδες
1250 1491 1436 1568 μυχῷ
1485 1484 1733 1567 ἄντρου
1778 1487 2160 1549 θεσπεσίοιο

432 1586 794 1672 τρίζουσαι
811 1585 1189 1668 ποτέονται,
1235 1587 1383 1652 ἐπεί
1419 1585 1498 1652 κέ
1536 1610 1635 1664 τις
1678 1586 2085 1674 ἀποπέσῃσιν

120 1682 306 1739 &⁹⁹5⁸
435 1690 743 1777 ὁρμαθοῦ
790 1689 860 1755 ἐκ
903 1689 1171 1777 πέτρης,
1216 1690 1347 1756 ἀνά
1390 1686 1447 1756 τ’
1491 1690 1854 1778 ἀλλήλῃσιν
1901 1694 2188 1784 ἔχονται,
2270 1676 2439 1790 *Lu*

436 1796 523 1872 ὣς
568 1797 644 1860 αἰ
680 1807 1040 1880 τετριγυῖαι
1086 1794 1196 1879 ἅμ’
1239 1798 1465 1879 ἤισαν·
1511 1792 1670 1881 ἦρχε
1717 1793 1779 1861 δ’
1821 1797 1951 1881 ἄρά
1996 1814 2156 1880 σφιν

17 1882 324 1961 Adimam,
357 1922 408 1960 ιο
425 1898 727 1986 Ἑρμείας
771 1899 1058 1992 &xguma
1103 1898 1241 1964 κατ’
1287 1900 1618 1983 εὐρώεντα
1661 1898 1965 1964 κέλευθα.
2009 1918 2013 1923 ·

433 2006 566 2086 πὰρ
614 2000 676 2069 δ’
723 2011 874 2069 ἴσαν
910 2001 1229 2070 Ὠκεανοῦ
1273 2025 1344 2068 τε
1390 2004 1552 2089 ῥοὰς
1593 2001 1704 2068 καὶ
1748 2005 2058 2070 Λευκάδα
2103 2004 2379 2094 πέτρην,

434 2106 554 2193 ἠδὲ
597 2105 750 2194 παρ’
789 2104 1078 2173 Ἠελίοιο
1124 2109 1335 2184 πύλας
1379 2106 1488 2173 καὶ
1535 2109 1747 2193 δῆμον
1782 2106 2093 2196 Ὀνείρων

433 2216 660 2298 ἤισαν·
706 2209 869 2293 αἶψα
915 2211 977 2279 δ’
1019 2215 1243 2280 ἵκοντο
1289 2211 1429 2279 κατ’
1471 2213 1847 2299 ἀσφοδελὸν
1892 2220 2205 2301 λειμῶνα,

436 2321 603 2386 ἔνθά
646 2342 716 2386 τε
760 2325 1025 2387 ναίουσι
1069 2324 1306 2406 ψυχαί,
1352 2321 1596 2386 εἴδωλα
1639 2324 2001 2405 καμόντων.

354 2445 406 2485 15
523 2422 725 2512 εὗρον
749 2423 845 2491 ’δὲ
890 2429 1111 2512 ψυχὴν
1158 2425 1556 2510 Πηληιάδεω
1596 2423 1893 2511 Ἀχιλῆος

432 2529 542 2595 καὶ
589 2536 1016 2617 Πατροκλῆος
1060 2529 1170 2595 καὶ
1216 2530 1557 2614 ἀμύμονος
1594 2529 1996 2616 Ἀντιλόχοιο

434 2638 718 2711 Αἴαντός
761 2633 865 2717 θ’,
911 2635 984 2711 ὃς
1027 2636 1292 2717 ἀριστος
1339 2637 1454 2718 ἔην
1500 2630 1677 2711 εἶδός
1720 2657 1790 2699 τε
1836 2633 2035 2718 δέμας
2077 2658 2147 2699 τε

430 2750 568 2804 τῶν
612 2741 835 2804 ἄλλων
881 2742 1174 2802 Δαναῶν
1219 2735 1355 2821 μετ’
1404 2736 1712 2820 ἀμύμονα
1757 2741 2128 2820 Πηλείωνα.

434 2843 521 2919 ὣς
566 2842 637 2908 οἰ
675 2837 798 2925 μὲν
842 2840 993 2927 περὶ
1038 2852 1264 2907 κεῖνον
1310 2844 1604 2925 ὁμίλεον·
1653 2840 2014 2925 ἀγχίμολον
2059 2838 2134 2906 δὲ

351 2970 404 3009 20
431 2944 633 3031 ἤλυθ’
676 2948 782 3011 ἔπι
824 2948 1004 3032 ψυχὴ
1045 2944 1527 3031 Ἀγαμέμνονος
1562 2942 1899 3032 Ἀτρείδαο

433 3050 794 3139 ἀχνυμένη·
839 3051 991 3139 περὶ
1037 3050 1096 3116 δ’
1142 3053 1339 3117 ἄλλαι
1383 3048 1779 3138 ἀγηγέραθ’,
1824 3051 2018 3116 ὅσσαι
2063 3046 2173 3137 ἅμ’
2218 3051 2391 3139 αὐτῷ

434 3165 592 3247 οἵκφ
638 3157 711 3222 ἐν
758 3158 1118 3240 Αἰγίσθοιο
1163 3157 1383 3221 θάνον
1428 3155 1538 3221 καὶ
1583 3160 1837 3241 πότμον
1884 3155 2184 3222 ἐπέσπον.

431 3266 549 3330 τὸν
593 3261 877 3350 προτέρη
924 3263 1102 3347 ψυχὴ
1148 3262 1571 3347 προσεφώνεε
1617 3264 2023 3344 Πηλείωνος·

524 3364 888 3454 ,,Ἀτρείδη,
932 3365 1082 3452 περὶ
1128 3364 1250 3451 μέν
1297 3383 1371 3432 σε
1417 3367 1635 3451 φάμεν
1680 3362 1801 3429 Διὶ
1845 3367 2331 3455 τερπικεραύνῳ

353 3492 405 3533 2⁶
433 3469 703 3556 ἀνδρῶν
747 3470 987 3557 ἡρώων
1031 3475 1230 3556 φίλον
1278 3474 1551 3556 ἔμμεναι
1593 3472 1809 3553 ἤματα
1850 3469 2097 3555 πάντα,

434 3575 676 3640 οὕνεκα
721 3577 1069 3641 πολλοῖσίν
1114 3599 1183 3640 τε
1230 3574 1342 3640 καὶ
1390 3577 1771 3659 ἰφθίμοισιν
1817 3576 2098 3652 ἄνασσες
